<?xml version="1.0" encoding="UTF-8"?>
<marcxml:collection xmlns:marcxml="http://www.loc.gov/MARC21/slim"><record xmlns="http://www.loc.gov/MARC21/slim">
  <leader>01833cjd a2200385Ii 4500</leader>
  <controlfield tag="001">7704213</controlfield>
  <controlfield tag="005">20090811114908.0</controlfield>
  <controlfield tag="006">m||||||||h||||||||</controlfield>
  <controlfield tag="007">cr||na---||a|a</controlfield>
  <controlfield tag="007">sz|z|nnnnnzned</controlfield>
  <controlfield tag="008">860602s1979||||xx|syn||shi|||||||||eng|d</controlfield>
  <datafield tag="028" ind1="0" ind2="2">
    <subfield code="a">3413</subfield>
    <subfield code="b">CRD</subfield>
  </datafield>
  <datafield tag="035" ind1=" " ind2=" ">
    <subfield code="a">(VaAlASP)ASP-clmu 378807</subfield>
  </datafield>
  <datafield tag="040" ind1=" " ind2=" ">
    <subfield code="a">VDB</subfield>
    <subfield code="c">VDB</subfield>
    <subfield code="d">ZJS</subfield>
    <subfield code="d">VaAlASP</subfield>
    <subfield code="d">DGW</subfield>
  </datafield>
  <datafield tag="041" ind1="0" ind2=" ">
    <subfield code="g">eng</subfield>
  </datafield>
  <datafield tag="049" ind1=" " ind2=" ">
    <subfield code="a">DGWW</subfield>
  </datafield>
  <datafield tag="100" ind1="1" ind2=" ">
    <subfield code="a">Boyce, William,</subfield>
    <subfield code="d">1711-1779.</subfield>
  </datafield>
  <datafield tag="240" ind1="1" ind2="0">
    <subfield code="a">Symphonies,</subfield>
    <subfield code="n">op. 2</subfield>
  </datafield>
  <datafield tag="245" ind1="1" ind2="4">
    <subfield code="a">The eight symphonies</subfield>
    <subfield code="h">[electronic resource] /</subfield>
    <subfield code="c">William Boyce.</subfield>
  </datafield>
  <datafield tag="260" ind1=" " ind2=" ">
    <subfield code="a">[S.l.] :</subfield>
    <subfield code="b">CRD,</subfield>
    <subfield code="c">[1979]</subfield>
  </datafield>
  <datafield tag="300" ind1=" " ind2=" ">
    <subfield code="a">1 sound disc :</subfield>
    <subfield code="b">digital, stereo. ;</subfield>
    <subfield code="c">4 3/4 in</subfield>
  </datafield>
  <datafield tag="500" ind1=" " ind2=" ">
    <subfield code="a">Compact disc</subfield>
  </datafield>
  <datafield tag="500" ind1=" " ind2=" ">
    <subfield code="a">Program notes missing</subfield>
  </datafield>
  <datafield tag="505" ind1="0" ind2=" ">
    <subfield code="a">No. 1 in B flat major (7:17) -- No. 2 in A major (5:28) -- No. 3 in C major (5:05) -- No. 4 in F major (5:48) -- No. 5 in D major (7:27) -- No. 6 in F major (6:34) -- No. 7 in B flat major (9:18) -- No. 8 in D minor (11:30)</subfield>
  </datafield>
  <datafield tag="511" ind1="0" ind2=" ">
    <subfield code="a">Bournemouth Sinfonietta ; Ronald Thomas, conductor</subfield>
  </datafield>
  <datafield tag="518" ind1=" " ind2=" ">
    <subfield code="a">Recorded at Wessex Hall, Poole Arts Centre, Dorset, England</subfield>
  </datafield>
  <datafield tag="533" ind1=" " ind2=" ">
    <subfield code="a">Electronic reproduction.</subfield>
    <subfield code="b">Alexandria, VA :</subfield>
    <subfield code="c">Alexander Street Press,</subfield>
    <subfield code="d">2009.</subfield>
    <subfield code="f">(Classical music library).</subfield>
    <subfield code="n">Available via World Wide Web.</subfield>
  </datafield>
  <datafield tag="650" ind1=" " ind2="0">
    <subfield code="a">Symphonies</subfield>
  </datafield>
  <datafield tag="700" ind1="1" ind2=" ">
    <subfield code="a">Thomas, Ronald</subfield>
    <subfield code="4">cnd</subfield>
  </datafield>
  <datafield tag="710" ind1="2" ind2=" ">
    <subfield code="a">Bournemouth Sinfonietta</subfield>
    <subfield code="4">prf</subfield>
  </datafield>
  <datafield tag="773" ind1="0" ind2=" ">
    <subfield code="t">Classical music library.</subfield>
    <subfield code="d">Alexandria, VA : Alexander Street Press, [2000]</subfield>
    <subfield code="w">(OCoLC)54104355</subfield>
  </datafield>
  <datafield tag="852" ind1="8" ind2=" ">
    <subfield code="b">gwg ei</subfield>
    <subfield code="h">GW Streaming Audio</subfield>
    <subfield code="z">Off-Campus access restricted to current George Washington University members --  Login required.</subfield>
  </datafield>
  <datafield tag="856" ind1="4" ind2="0">
    <subfield code="z">Click here to access.</subfield>
    <subfield code="x">http://www.aladin.wrlc.org/Z-WEB/Aladin?req=db&amp;key=WRL06853GW&amp;url=http://www.aspresolver.com/aspresolver.asp?CLMU;378807</subfield>
  </datafield>
  <datafield tag="996" ind1=" " ind2=" ">
    <subfield code="a">New title added 2009-08-07</subfield>
  </datafield>
  <datafield tag="998" ind1=" " ind2=" ">
    <subfield code="c">Copy Cataloging ; gwmark 2009-08-07</subfield>
  </datafield>
</record>