<record xmlns="http://www.loc.gov/MARC21/slim">
  <leader>01845cjd a2200385Ii 4500</leader>
  <controlfield tag="001">7704279</controlfield>
  <controlfield tag="005">20090811114930.0</controlfield>
  <controlfield tag="006">m||||||||h||||||||</controlfield>
  <controlfield tag="007">cr||na---||a|a</controlfield>
  <controlfield tag="007">sz|z|nnnnnzned</controlfield>
  <controlfield tag="008">900717s1979||||enkzzn||sfi|||||||||N/A|d</controlfield>
  <datafield tag="028" ind1="0" ind2="2">
    <subfield code="a">3366</subfield>
    <subfield code="b">CRD</subfield>
  </datafield>
  <datafield tag="035" ind1=" " ind2=" ">
    <subfield code="a">(VaAlASP)ASP-clmu 378814</subfield>
  </datafield>
  <datafield tag="040" ind1=" " ind2=" ">
    <subfield code="a">CGL</subfield>
    <subfield code="c">CGL</subfield>
    <subfield code="d">ORU</subfield>
    <subfield code="d">VaAlASP</subfield>
    <subfield code="d">DGW</subfield>
  </datafield>
  <datafield tag="049" ind1=" " ind2=" ">
    <subfield code="a">DGWW</subfield>
  </datafield>
  <datafield tag="100" ind1="1" ind2=" ">
    <subfield code="a">Verdi, Giuseppe,</subfield>
    <subfield code="d">1813-1901.</subfield>
  </datafield>
  <datafield tag="240" ind1="1" ind2="0">
    <subfield code="a">Quartet,</subfield>
    <subfield code="m">strings,</subfield>
    <subfield code="r">E minor</subfield>
  </datafield>
  <datafield tag="245" ind1="1" ind2="0">
    <subfield code="a">String quartet in E minor</subfield>
    <subfield code="h">[electronic resource] /</subfield>
    <subfield code="c">G. Verdi. Crisantemi : for string quartet / G. Puccini. String quartet no. 13 in A major / G. Donizetti.</subfield>
  </datafield>
  <datafield tag="260" ind1=" " ind2=" ">
    <subfield code="a">[London?] :</subfield>
    <subfield code="b">CRD,</subfield>
    <subfield code="c">p1979</subfield>
  </datafield>
  <datafield tag="300" ind1=" " ind2=" ">
    <subfield code="a">1 sound disc (48 min.) :</subfield>
    <subfield code="b">digital, stereo. ;</subfield>
    <subfield code="c">4 3/4 in</subfield>
  </datafield>
  <datafield tag="500" ind1=" " ind2=" ">
    <subfield code="a">Analog recording</subfield>
  </datafield>
  <datafield tag="500" ind1=" " ind2=" ">
    <subfield code="a">Compact disc</subfield>
  </datafield>
  <datafield tag="500" ind1=" " ind2=" ">
    <subfield code="a">Program notes by Robin Golding inserted in container</subfield>
  </datafield>
  <datafield tag="511" ind1="0" ind2=" ">
    <subfield code="a">Alberni Quartet</subfield>
  </datafield>
  <datafield tag="518" ind1=" " ind2=" ">
    <subfield code="a">Recorded in the Unitarian Church, Rosslyn Hill, Hampstead, London</subfield>
  </datafield>
  <datafield tag="533" ind1=" " ind2=" ">
    <subfield code="a">Electronic reproduction.</subfield>
    <subfield code="b">Alexandria, VA :</subfield>
    <subfield code="c">Alexander Street Press,</subfield>
    <subfield code="d">2009.</subfield>
    <subfield code="f">(Classical music library).</subfield>
    <subfield code="n">Available via World Wide Web.</subfield>
  </datafield>
  <datafield tag="650" ind1=" " ind2="0">
    <subfield code="a">String quartets</subfield>
  </datafield>
  <datafield tag="700" ind1="1" ind2="2">
    <subfield code="a">Donizetti, Gaetano,</subfield>
    <subfield code="d">1797-1848</subfield>
    <subfield code="t">Quartets,</subfield>
    <subfield code="m">strings,</subfield>
    <subfield code="n">no. 13, In. 640,</subfield>
    <subfield code="r">A major</subfield>
  </datafield>
  <datafield tag="700" ind1="1" ind2="2">
    <subfield code="a">Puccini, Giacomo,</subfield>
    <subfield code="d">1858-1924</subfield>
    <subfield code="t">Crisantemi</subfield>
  </datafield>
  <datafield tag="710" ind1="2" ind2="2">
    <subfield code="a">Alberni String Quartet</subfield>
    <subfield code="4">prf</subfield>
  </datafield>
  <datafield tag="773" ind1="0" ind2=" ">
    <subfield code="t">Classical music library.</subfield>
    <subfield code="d">Alexandria, VA : Alexander Street Press, [2000]</subfield>
    <subfield code="w">(OCoLC)54104355</subfield>
  </datafield>
  <datafield tag="852" ind1="8" ind2=" ">
    <subfield code="b">gwg ei</subfield>
    <subfield code="h">GW Streaming Audio</subfield>
    <subfield code="z">Off-Campus access restricted to current George Washington University members --  Login required.</subfield>
  </datafield>
  <datafield tag="856" ind1="4" ind2="0">
    <subfield code="z">Click here to access.</subfield>
    <subfield code="x">http://www.aladin.wrlc.org/Z-WEB/Aladin?req=db&amp;key=WRL06853GW&amp;url=http://www.aspresolver.com/aspresolver.asp?CLMU;378814</subfield>
  </datafield>
  <datafield tag="996" ind1=" " ind2=" ">
    <subfield code="a">New title added 2009-08-07</subfield>
  </datafield>
  <datafield tag="998" ind1=" " ind2=" ">
    <subfield code="c">Copy Cataloging ; gwmark 2009-08-07</subfield>
  </datafield>
</record>