<record xmlns="http://www.loc.gov/MARC21/slim">
  <leader>02259cjd a22004933i 4500</leader>
  <controlfield tag="001">7704363</controlfield>
  <controlfield tag="005">20090811115000.0</controlfield>
  <controlfield tag="006">m||||||||h||||||||</controlfield>
  <controlfield tag="007">cr||na---||a|a</controlfield>
  <controlfield tag="007">sz|z|nnnnnzned</controlfield>
  <controlfield tag="008">910610s19891987enkmun||sd||||||||||lat|d</controlfield>
  <datafield tag="010" ind1=" " ind2=" ">
    <subfield code="a">   91753815 </subfield>
  </datafield>
  <datafield tag="024" ind1="1" ind2=" ">
    <subfield code="a">5015155345024</subfield>
  </datafield>
  <datafield tag="028" ind1="0" ind2="2">
    <subfield code="a">3450</subfield>
    <subfield code="b">CRD</subfield>
  </datafield>
  <datafield tag="033" ind1="1" ind2=" ">
    <subfield code="a">19870812</subfield>
    <subfield code="a">19870817</subfield>
    <subfield code="b">5754</subfield>
    <subfield code="c">L7</subfield>
  </datafield>
  <datafield tag="035" ind1=" " ind2=" ">
    <subfield code="9">(DLC)   91753815</subfield>
  </datafield>
  <datafield tag="035" ind1=" " ind2=" ">
    <subfield code="a">(VaAlASP)ASP-clmu 378866</subfield>
  </datafield>
  <datafield tag="040" ind1=" " ind2=" ">
    <subfield code="a">DLC</subfield>
    <subfield code="c">DLC</subfield>
    <subfield code="d">VaAlASP</subfield>
    <subfield code="d">DGW</subfield>
  </datafield>
  <datafield tag="041" ind1="0" ind2=" ">
    <subfield code="d">lat</subfield>
    <subfield code="e">lateng</subfield>
    <subfield code="h">lat</subfield>
  </datafield>
  <datafield tag="049" ind1=" " ind2=" ">
    <subfield code="a">DGWW</subfield>
  </datafield>
  <datafield tag="050" ind1="0" ind2="0">
    <subfield code="a">SDB 12058</subfield>
  </datafield>
  <datafield tag="100" ind1="1" ind2=" ">
    <subfield code="a">Escobar, Pedro de,</subfield>
    <subfield code="d">b. ca. 1465.</subfield>
  </datafield>
  <datafield tag="240" ind1="1" ind2="0">
    <subfield code="a">Choral music.</subfield>
    <subfield code="k">Selections</subfield>
  </datafield>
  <datafield tag="245" ind1="1" ind2="0">
    <subfield code="a">Motets, hymns, Missa pro defunctis</subfield>
    <subfield code="h">[electronic resource] /</subfield>
    <subfield code="c">Pedro de Escobar.</subfield>
  </datafield>
  <datafield tag="260" ind1=" " ind2=" ">
    <subfield code="a">[England] :</subfield>
    <subfield code="b">CRD,</subfield>
    <subfield code="c">p1989.</subfield>
  </datafield>
  <datafield tag="300" ind1=" " ind2=" ">
    <subfield code="a">1 sound disc :</subfield>
    <subfield code="b">digital, stereo. ;</subfield>
    <subfield code="c">4 3/4 in.</subfield>
  </datafield>
  <datafield tag="500" ind1=" " ind2=" ">
    <subfield code="a">Compact disc.</subfield>
  </datafield>
  <datafield tag="500" ind1=" " ind2=" ">
    <subfield code="a">Includes texts with English translations.</subfield>
  </datafield>
  <datafield tag="505" ind1="0" ind2=" ">
    <subfield code="a">Hostis Herodes -- Asperges me -- Stabat mater -- Ave maris stella -- Clamabat autem mulier -- Deus tuorum militum -- Beatus es -- Salve Regina -- Missa pro defunctis.</subfield>
  </datafield>
  <datafield tag="511" ind1="0" ind2=" ">
    <subfield code="a">Sung by Quodlibet (countertenor, 2 tenors, bass, with additional countertenor in Salve Regina).</subfield>
  </datafield>
  <datafield tag="518" ind1=" " ind2=" ">
    <subfield code="a">Recorded Aug. 12-13, 1987, at All Hallows Church, Gospel Oak, London.</subfield>
  </datafield>
  <datafield tag="533" ind1=" " ind2=" ">
    <subfield code="a">Electronic reproduction.</subfield>
    <subfield code="b">Alexandria, VA :</subfield>
    <subfield code="c">Alexander Street Press,</subfield>
    <subfield code="d">2009.</subfield>
    <subfield code="f">(Classical music library).</subfield>
    <subfield code="n">Available via World Wide Web.</subfield>
  </datafield>
  <datafield tag="650" ind1=" " ind2="0">
    <subfield code="a">Hymns.</subfield>
  </datafield>
  <datafield tag="650" ind1=" " ind2="0">
    <subfield code="a">Motets.</subfield>
  </datafield>
  <datafield tag="650" ind1=" " ind2="0">
    <subfield code="a">Requiems, Unaccompanied.</subfield>
  </datafield>
  <datafield tag="650" ind1=" " ind2="0">
    <subfield code="a">Sacred vocal ensembles, Unaccompanied.</subfield>
  </datafield>
  <datafield tag="700" ind1="1" ind2="2">
    <subfield code="a">Escobar, Pedro de,</subfield>
    <subfield code="d">b. ca. 1465</subfield>
    <subfield code="t">Missa pro defunctis.</subfield>
    <subfield code="f">1989.</subfield>
  </datafield>
  <datafield tag="710" ind1="2" ind2=" ">
    <subfield code="a">Quodlibet (Musical group)</subfield>
    <subfield code="4">prf</subfield>
  </datafield>
  <datafield tag="773" ind1="0" ind2=" ">
    <subfield code="t">Classical music library.</subfield>
    <subfield code="d">Alexandria, VA : Alexander Street Press, [2000]</subfield>
    <subfield code="w">(OCoLC)54104355</subfield>
  </datafield>
  <datafield tag="776" ind1="1" ind2=" ">
    <subfield code="c">Original</subfield>
    <subfield code="w">(DLC)   91753815 </subfield>
  </datafield>
  <datafield tag="852" ind1="8" ind2=" ">
    <subfield code="b">gwg ei</subfield>
    <subfield code="h">GW Streaming Audio</subfield>
    <subfield code="z">Off-Campus access restricted to current George Washington University members --  Login required.</subfield>
  </datafield>
  <datafield tag="856" ind1="4" ind2="0">
    <subfield code="z">Click here to access.</subfield>
    <subfield code="x">http://www.aladin.wrlc.org/Z-WEB/Aladin?req=db&amp;key=WRL06853GW&amp;url=http://www.aspresolver.com/aspresolver.asp?CLMU;378866</subfield>
  </datafield>
  <datafield tag="996" ind1=" " ind2=" ">
    <subfield code="a">New title added 2009-08-07</subfield>
  </datafield>
  <datafield tag="998" ind1=" " ind2=" ">
    <subfield code="c">Copy Cataloging ; gwmark 2009-08-07</subfield>
  </datafield>
</record>