<record xmlns="http://www.loc.gov/MARC21/slim">
  <leader>02893cjd a22005413i 4500</leader>
  <controlfield tag="001">7704379</controlfield>
  <controlfield tag="005">20090811115006.0</controlfield>
  <controlfield tag="006">m||||||||h||||||||</controlfield>
  <controlfield tag="007">cr||na---||a|a</controlfield>
  <controlfield tag="007">sz|z|nnnnnzned</controlfield>
  <controlfield tag="008">861009s1986||||ne|con||s|||||||||||||||d</controlfield>
  <datafield tag="010" ind1=" " ind2=" ">
    <subfield code="a">   86754393</subfield>
  </datafield>
  <datafield tag="028" ind1="0" ind2="2">
    <subfield code="a">3411</subfield>
    <subfield code="b">CRD</subfield>
  </datafield>
  <datafield tag="035" ind1=" " ind2=" ">
    <subfield code="9">(DLC)   86754393</subfield>
  </datafield>
  <datafield tag="035" ind1=" " ind2=" ">
    <subfield code="a">(VaAlASP)ASP-clmu 378833</subfield>
  </datafield>
  <datafield tag="040" ind1=" " ind2=" ">
    <subfield code="a">DLC</subfield>
    <subfield code="c">DLC</subfield>
    <subfield code="d">DLC</subfield>
    <subfield code="d">VaAlASP</subfield>
    <subfield code="d">DGW</subfield>
  </datafield>
  <datafield tag="049" ind1=" " ind2=" ">
    <subfield code="a">DGWW</subfield>
  </datafield>
  <datafield tag="050" ind1="0" ind2="0">
    <subfield code="a">SDB 12047</subfield>
  </datafield>
  <datafield tag="050" ind1="1" ind2="0">
    <subfield code="a">M1000</subfield>
  </datafield>
  <datafield tag="100" ind1="1" ind2=" ">
    <subfield code="a">Vivaldi, Antonio,</subfield>
    <subfield code="d">1678-1741.</subfield>
  </datafield>
  <datafield tag="240" ind1="1" ind2="0">
    <subfield code="a">Concertos.</subfield>
    <subfield code="k">Selections</subfield>
  </datafield>
  <datafield tag="245" ind1="1" ind2="0">
    <subfield code="a">Violinconcertos opus 8 nos. 11 and 12 ; Concerto for flute RV 429 ; Concerto for cello RV 424</subfield>
    <subfield code="h">[electronic resource] /</subfield>
    <subfield code="c">Antonio Vivaldi. Concerto in G major WQ 43 no. 5 for harpsichord and strings / Carl Philipp Emanuel Bach.</subfield>
  </datafield>
  <datafield tag="260" ind1=" " ind2=" ">
    <subfield code="a">[Netherlands] :</subfield>
    <subfield code="b">CRD ;</subfield>
    <subfield code="a">N[ew] Y[ork] :</subfield>
    <subfield code="b">Dist. by Qualiton Imports,</subfield>
    <subfield code="c">[1986?]</subfield>
  </datafield>
  <datafield tag="300" ind1=" " ind2=" ">
    <subfield code="a">1 sound disc :</subfield>
    <subfield code="b">digital, stereo. ;</subfield>
    <subfield code="c">4 3/4 in.</subfield>
  </datafield>
  <datafield tag="500" ind1=" " ind2=" ">
    <subfield code="a">Compact disc.</subfield>
  </datafield>
  <datafield tag="500" ind1=" " ind2=" ">
    <subfield code="a">Distributor from label on container.</subfield>
  </datafield>
  <datafield tag="500" ind1=" " ind2=" ">
    <subfield code="a">The 1st-4th works with string orchestra, the 5th with orchestra.</subfield>
  </datafield>
  <datafield tag="511" ind1="0" ind2=" ">
    <subfield code="a">Simon Standage, baroque violin (1st-2nd works) ; Stephen Preston, baroque flute (3rd work) ; Anthony Pleeth, baroque violoncello (4th work) ; English Concert ; Trevor Pinnock, harpsichord (5th work) and conductor.</subfield>
  </datafield>
  <datafield tag="533" ind1=" " ind2=" ">
    <subfield code="a">Electronic reproduction.</subfield>
    <subfield code="b">Alexandria, VA :</subfield>
    <subfield code="c">Alexander Street Press,</subfield>
    <subfield code="d">2009.</subfield>
    <subfield code="f">(Classical music library).</subfield>
    <subfield code="n">Available via World Wide Web.</subfield>
  </datafield>
  <datafield tag="650" ind1=" " ind2="0">
    <subfield code="a">Concertos (Flute with string orchestra)</subfield>
  </datafield>
  <datafield tag="650" ind1=" " ind2="0">
    <subfield code="a">Concertos (Harpsichord)</subfield>
  </datafield>
  <datafield tag="650" ind1=" " ind2="0">
    <subfield code="a">Concertos (Violin with string orchestra)</subfield>
  </datafield>
  <datafield tag="650" ind1=" " ind2="0">
    <subfield code="a">Concertos (Violoncello with string orchestra)</subfield>
  </datafield>
  <datafield tag="700" ind1="1" ind2="2">
    <subfield code="a">Bach, Carl Philipp Emanuel,</subfield>
    <subfield code="d">1714-1788</subfield>
    <subfield code="t">Concertos,</subfield>
    <subfield code="m">harpsichord, orchestra,</subfield>
    <subfield code="n">H. 475,</subfield>
    <subfield code="r">G major.</subfield>
    <subfield code="f">1986.</subfield>
  </datafield>
  <datafield tag="700" ind1="1" ind2="2">
    <subfield code="a">Vivaldi, Antonio,</subfield>
    <subfield code="d">1678-1741</subfield>
    <subfield code="t">Cimento dell'armonia e dell'inventione.</subfield>
    <subfield code="n">N. 11-12.</subfield>
    <subfield code="f">1986.</subfield>
  </datafield>
  <datafield tag="700" ind1="1" ind2="2">
    <subfield code="a">Vivaldi, Antonio,</subfield>
    <subfield code="d">1678-1741</subfield>
    <subfield code="t">Concertos,</subfield>
    <subfield code="m">flute, string orchestra,</subfield>
    <subfield code="n">RV 429,</subfield>
    <subfield code="r">D major.</subfield>
    <subfield code="f">1986.</subfield>
  </datafield>
  <datafield tag="700" ind1="1" ind2="2">
    <subfield code="a">Vivaldi, Antonio,</subfield>
    <subfield code="d">1678-1741</subfield>
    <subfield code="t">Concertos,</subfield>
    <subfield code="m">violoncello, string orchestra,</subfield>
    <subfield code="n">RV 424,</subfield>
    <subfield code="r">B minor.</subfield>
    <subfield code="f">1986.</subfield>
  </datafield>
  <datafield tag="700" ind1="1" ind2=" ">
    <subfield code="a">Pinnock, Trevor</subfield>
    <subfield code="4">prf</subfield>
    <subfield code="4">cnd</subfield>
  </datafield>
  <datafield tag="700" ind1="1" ind2=" ">
    <subfield code="a">Pleeth, Anthony</subfield>
    <subfield code="4">prf</subfield>
  </datafield>
  <datafield tag="700" ind1="1" ind2=" ">
    <subfield code="a">Preston, Stephen</subfield>
    <subfield code="4">prf</subfield>
  </datafield>
  <datafield tag="700" ind1="1" ind2=" ">
    <subfield code="a">Standage, Simon</subfield>
    <subfield code="4">prf</subfield>
  </datafield>
  <datafield tag="710" ind1="2" ind2=" ">
    <subfield code="a">English Concert (Musical group)</subfield>
    <subfield code="4">prf</subfield>
  </datafield>
  <datafield tag="773" ind1="0" ind2=" ">
    <subfield code="t">Classical music library.</subfield>
    <subfield code="d">Alexandria, VA : Alexander Street Press, [2000]</subfield>
    <subfield code="w">(OCoLC)54104355</subfield>
  </datafield>
  <datafield tag="776" ind1="1" ind2=" ">
    <subfield code="c">Original</subfield>
    <subfield code="w">(DLC)   86754393</subfield>
  </datafield>
  <datafield tag="852" ind1="8" ind2=" ">
    <subfield code="b">gwg ei</subfield>
    <subfield code="h">GW Streaming Audio</subfield>
    <subfield code="z">Off-Campus access restricted to current George Washington University members --  Login required.</subfield>
  </datafield>
  <datafield tag="856" ind1="4" ind2="0">
    <subfield code="z">Click here to access.</subfield>
    <subfield code="x">http://www.aladin.wrlc.org/Z-WEB/Aladin?req=db&amp;key=WRL06853GW&amp;url=http://www.aspresolver.com/aspresolver.asp?CLMU;378833</subfield>
  </datafield>
  <datafield tag="996" ind1=" " ind2=" ">
    <subfield code="a">New title added 2009-08-07</subfield>
  </datafield>
  <datafield tag="998" ind1=" " ind2=" ">
    <subfield code="c">Copy Cataloging ; gwmark 2009-08-07</subfield>
  </datafield>
</record>