<record xmlns="http://www.loc.gov/MARC21/slim">
  <leader>01459cjd a22003133i 4500</leader>
  <controlfield tag="001">7704490</controlfield>
  <controlfield tag="005">20090811115044.0</controlfield>
  <controlfield tag="006">m||||||||h||||||||</controlfield>
  <controlfield tag="007">cr||na---||a|a</controlfield>
  <controlfield tag="007">sz|z|nnnnnzned</controlfield>
  <controlfield tag="008">901016s1982||||en||||||s|||||000|0|||||d</controlfield>
  <datafield tag="028" ind1="3" ind2="0">
    <subfield code="a">CRD 3405</subfield>
  </datafield>
  <datafield tag="035" ind1=" " ind2=" ">
    <subfield code="a">(VaAlASP)ASP-clmu 378828</subfield>
  </datafield>
  <datafield tag="040" ind1=" " ind2=" ">
    <subfield code="d">VaAlASP</subfield>
    <subfield code="d">DGW</subfield>
  </datafield>
  <datafield tag="049" ind1=" " ind2=" ">
    <subfield code="a">DGWW</subfield>
  </datafield>
  <datafield tag="100" ind1="1" ind2=" ">
    <subfield code="a">Tye, Christopher,</subfield>
    <subfield code="d">1497?-1572.</subfield>
  </datafield>
  <datafield tag="240" ind1="1" ind2="0">
    <subfield code="a">[Masses].</subfield>
    <subfield code="h">Sound recording</subfield>
  </datafield>
  <datafield tag="245" ind1="1" ind2="4">
    <subfield code="a">The Western Wind mass</subfield>
    <subfield code="h">[electronic resource] :</subfield>
    <subfield code="b">anthems, motet and votive antiphon /</subfield>
    <subfield code="c">Christopher Tye.</subfield>
  </datafield>
  <datafield tag="260" ind1=" " ind2=" ">
    <subfield code="a">[London] :</subfield>
    <subfield code="b">CRD records ,</subfield>
    <subfield code="c">p1982.</subfield>
  </datafield>
  <datafield tag="300" ind1=" " ind2=" ">
    <subfield code="a">1 sound disc :</subfield>
    <subfield code="b">digital, stereo ;</subfield>
    <subfield code="c">4 3/4 in. +</subfield>
    <subfield code="e">booklet ; With notes on the music</subfield>
  </datafield>
  <datafield tag="500" ind1=" " ind2=" ">
    <subfield code="a">Compact disc</subfield>
  </datafield>
  <datafield tag="500" ind1=" " ind2=" ">
    <subfield code="a">The Choir of New College Oxford</subfield>
  </datafield>
  <datafield tag="533" ind1=" " ind2=" ">
    <subfield code="a">Electronic reproduction.</subfield>
    <subfield code="b">Alexandria, VA :</subfield>
    <subfield code="c">Alexander Street Press,</subfield>
    <subfield code="d">2009.</subfield>
    <subfield code="f">(Classical music library).</subfield>
    <subfield code="n">Available via World Wide Web.</subfield>
  </datafield>
  <datafield tag="730" ind1="0" ind2=" ">
    <subfield code="a">[Motets].</subfield>
    <subfield code="h">Sound recording</subfield>
  </datafield>
  <datafield tag="773" ind1="0" ind2=" ">
    <subfield code="t">Classical music library.</subfield>
    <subfield code="d">Alexandria, VA : Alexander Street Press, [2000]</subfield>
    <subfield code="w">(OCoLC)54104355</subfield>
  </datafield>
  <datafield tag="852" ind1="8" ind2=" ">
    <subfield code="b">gwg ei</subfield>
    <subfield code="h">GW Streaming Audio</subfield>
    <subfield code="z">Off-Campus access restricted to current George Washington University members --  Login required.</subfield>
  </datafield>
  <datafield tag="856" ind1="4" ind2="0">
    <subfield code="z">Click here to access.</subfield>
    <subfield code="x">http://www.aladin.wrlc.org/Z-WEB/Aladin?req=db&amp;key=WRL06853GW&amp;url=http://www.aspresolver.com/aspresolver.asp?CLMU;378828</subfield>
  </datafield>
  <datafield tag="996" ind1=" " ind2=" ">
    <subfield code="a">New title added 2009-08-07</subfield>
  </datafield>
  <datafield tag="998" ind1=" " ind2=" ">
    <subfield code="c">Copy Cataloging ; gwmark 2009-08-07</subfield>
  </datafield>
</record>