<record xmlns="http://www.loc.gov/MARC21/slim">
  <leader>01594cjm a22003013i 4500</leader>
  <controlfield tag="001">7924733</controlfield>
  <controlfield tag="005">20120904104514.0</controlfield>
  <controlfield tag="006">m        h        </controlfield>
  <controlfield tag="007">sd zungnnuunea</controlfield>
  <controlfield tag="007">cr zna---uuaua</controlfield>
  <controlfield tag="008">100326n        xx ||n| s        |||zxx|d</controlfield>
  <datafield tag="035" ind1=" " ind2=" ">
    <subfield code="a">(VaAlASP)ASP-clmu 378863</subfield>
  </datafield>
  <datafield tag="040" ind1=" " ind2=" ">
    <subfield code="a">VaAlASP</subfield>
    <subfield code="c">VaAlASP</subfield>
    <subfield code="d">DGW</subfield>
  </datafield>
  <datafield tag="049" ind1=" " ind2=" ">
    <subfield code="a">DGWW</subfield>
  </datafield>
  <datafield tag="100" ind1="1" ind2=" ">
    <subfield code="a">Wagner, Richard,</subfield>
    <subfield code="d">1813-1883.</subfield>
  </datafield>
  <datafield tag="245" ind1="1" ind2="0">
    <subfield code="a">Opera to sing along with-baritone 1</subfield>
    <subfield code="h">[electronic resource] /</subfield>
    <subfield code="c">composed by Wilhelm Richard Wagner ; conducted by Antonella Gotta ; Compagnia d'Opera Italiana.</subfield>
  </datafield>
  <datafield tag="260" ind1=" " ind2=" ">
    <subfield code="a">[S.l.] :</subfield>
    <subfield code="b">Cantolopera,</subfield>
    <subfield code="c">[n.d.]</subfield>
  </datafield>
  <datafield tag="300" ind1=" " ind2=" ">
    <subfield code="a">sound disc :</subfield>
    <subfield code="b">digital, stereo. ;</subfield>
    <subfield code="c">4 3/4 in.</subfield>
  </datafield>
  <datafield tag="500" ind1=" " ind2=" ">
    <subfield code="a">Title from resource description page (viewed Jul. 16, 2009).</subfield>
  </datafield>
  <datafield tag="533" ind1=" " ind2=" ">
    <subfield code="a">Electronic reproduction (streaming audio)</subfield>
    <subfield code="b">Alexandria, VA :</subfield>
    <subfield code="c">Alexander Street Press,</subfield>
    <subfield code="d">2009.</subfield>
    <subfield code="f">(Classical music library)</subfield>
    <subfield code="n">Mode of access: Internet.</subfield>
    <subfield code="n">Title and description based on page as of 2010-03-29.</subfield>
    <subfield code="n">Access restricted ; Authentication may be required.</subfield>
  </datafield>
  <datafield tag="650" ind1=" " ind2="0">
    <subfield code="a">Operas.</subfield>
  </datafield>
  <datafield tag="700" ind1="1" ind2=" ">
    <subfield code="a">Gotta, Antonello.</subfield>
  </datafield>
  <datafield tag="710" ind1="2" ind2=" ">
    <subfield code="a">Compagnia d'opera italiana.</subfield>
  </datafield>
  <datafield tag="773" ind1="0" ind2=" ">
    <subfield code="t">Classical music library.</subfield>
    <subfield code="n">URL: http://clmu.alexanderstreet.com/</subfield>
    <subfield code="w">(OCoLC)54104355</subfield>
  </datafield>
  <datafield tag="996" ind1=" " ind2=" ">
    <subfield code="a">New title added 2010-03-29</subfield>
  </datafield>
  <datafield tag="998" ind1=" " ind2=" ">
    <subfield code="c">gwjshieh 2010-03-29 ; rev from Alex Street Press</subfield>
  </datafield>
  <datafield tag="852" ind1="8" ind2=" ">
    <subfield code="b">gwg ei</subfield>
    <subfield code="h">GW: Streaming Audio</subfield>
    <subfield code="z">Off-Campus access restricted to current George Washington University members -- Login required.</subfield>
  </datafield>
  <datafield tag="856" ind1="4" ind2="0">
    <subfield code="x">http://www.aladin.wrlc.org/Z-WEB/Aladin?req=db&amp;key=WRL06853GW&amp;url=http://www.aspresolver.com/aspresolver.asp?CLMU;378863</subfield>
    <subfield code="z">Click here to access.</subfield>
  </datafield>
</record>