<record xmlns="http://www.loc.gov/MARC21/slim">
  <leader>03057cam a2200553 a 4500</leader>
  <controlfield tag="001">11865869</controlfield>
  <controlfield tag="005">20120906182533.0</controlfield>
  <controlfield tag="008">120516s2009    cc       b    100 0 chi d</controlfield>
  <datafield tag="010" ind1=" " ind2=" ">
    <subfield code="a">  2011386904</subfield>
  </datafield>
  <datafield tag="035" ind1=" " ind2=" ">
    <subfield code="a">(OCoLC)ocn505750172</subfield>
  </datafield>
  <datafield tag="040" ind1=" " ind2=" ">
    <subfield code="a">CNPIT</subfield>
    <subfield code="b">eng</subfield>
    <subfield code="c">CNPIT</subfield>
    <subfield code="d">DLC</subfield>
    <subfield code="d">HUA</subfield>
    <subfield code="d">ZCU</subfield>
    <subfield code="d">OCLCO</subfield>
    <subfield code="d">DGW</subfield>
  </datafield>
  <datafield tag="066" ind1=" " ind2=" ">
    <subfield code="c">$1</subfield>
  </datafield>
  <datafield tag="020" ind1=" " ind2=" ">
    <subfield code="a">9787208089587</subfield>
  </datafield>
  <datafield tag="020" ind1=" " ind2=" ">
    <subfield code="a">7208089582</subfield>
  </datafield>
  <datafield tag="035" ind1=" " ind2=" ">
    <subfield code="a">(OCoLC)505750172</subfield>
  </datafield>
  <datafield tag="041" ind1="0" ind2=" ">
    <subfield code="a">chi</subfield>
    <subfield code="f">eng</subfield>
  </datafield>
  <datafield tag="042" ind1=" " ind2=" ">
    <subfield code="a">lccopycat</subfield>
  </datafield>
  <datafield tag="043" ind1=" " ind2=" ">
    <subfield code="a">a-cc---</subfield>
  </datafield>
  <datafield tag="050" ind1="0" ind2="0">
    <subfield code="a">DS777.8</subfield>
    <subfield code="b">.S424 2009</subfield>
  </datafield>
  <datafield tag="049" ind1=" " ind2=" ">
    <subfield code="a">DGWW</subfield>
  </datafield>
  <datafield tag="110" ind1="2" ind2=" ">
    <subfield code="6">880-01</subfield>
    <subfield code="a">Shanghai Shi she hui ke xue jie lian he hui.</subfield>
    <subfield code="b">Nian hui</subfield>
    <subfield code="n">(7th :</subfield>
    <subfield code="d">2009 :</subfield>
    <subfield code="c">Shanghai, China)</subfield>
  </datafield>
  <datafield tag="245" ind1="1" ind2="0">
    <subfield code="6">880-02</subfield>
    <subfield code="a">Xin Zhongguo dui wai guan xi 60 nian :</subfield>
    <subfield code="b">li lun yu shi jian /</subfield>
    <subfield code="c">Shanghai Shi she hui ke xue jie lian he hui bian.</subfield>
  </datafield>
  <datafield tag="250" ind1=" " ind2=" ">
    <subfield code="6">880-03</subfield>
    <subfield code="a">Di 1 ban.</subfield>
  </datafield>
  <datafield tag="260" ind1=" " ind2=" ">
    <subfield code="6">880-04</subfield>
    <subfield code="a">Shanghai :</subfield>
    <subfield code="b">Shanghai ren min chu ban she,</subfield>
    <subfield code="c">2009.</subfield>
  </datafield>
  <datafield tag="300" ind1=" " ind2=" ">
    <subfield code="a">2, 2, 3, 289 p. ;</subfield>
    <subfield code="c">25 cm.</subfield>
  </datafield>
  <datafield tag="490" ind1="1" ind2=" ">
    <subfield code="6">880-05</subfield>
    <subfield code="a">Dong fang xue shu wen ku ;</subfield>
    <subfield code="v">di 27 juan</subfield>
  </datafield>
  <datafield tag="490" ind1="1" ind2=" ">
    <subfield code="6">880-06</subfield>
    <subfield code="a">Shanghai Shi she hui ke xue jie di qi jie xue shu nian hui wen ji (2009 nian du). Shi jie jing ji, guo ji zheng zhi, guo ji guan xi xue ke juan</subfield>
  </datafield>
  <datafield tag="500" ind1=" " ind2=" ">
    <subfield code="6">880-07</subfield>
    <subfield code="a">Theme of conference : Xin Zhongguo 60 nian : xian dai hua dao lu yu Zhongguo te se.</subfield>
  </datafield>
  <datafield tag="546" ind1=" " ind2=" ">
    <subfield code="a">Table of contents also in English.</subfield>
  </datafield>
  <datafield tag="504" ind1=" " ind2=" ">
    <subfield code="a">Includes bibliographical references.</subfield>
  </datafield>
  <datafield tag="651" ind1=" " ind2="0">
    <subfield code="a">China</subfield>
    <subfield code="x">Foreign relations</subfield>
    <subfield code="y">1949-</subfield>
    <subfield code="v">Congresses.</subfield>
  </datafield>
  <datafield tag="710" ind1="2" ind2=" ">
    <subfield code="6">880-08</subfield>
    <subfield code="a">Shanghai Shi she hui ke xue jie lian he hui.</subfield>
  </datafield>
  <datafield tag="710" ind1="2" ind2=" ">
    <subfield code="a">China Documentation Center.</subfield>
  </datafield>
  <datafield tag="830" ind1=" " ind2="0">
    <subfield code="6">880-09</subfield>
    <subfield code="a">Dong fang xue shu wen ku (Shanghai, China) ;</subfield>
    <subfield code="v">di 27 juan.</subfield>
  </datafield>
  <datafield tag="830" ind1=" " ind2="0">
    <subfield code="6">880-10</subfield>
    <subfield code="a">Shanghai Shi she hui ke xue jie di qi jie xue shu nian hui wen ji (2009 nian du).</subfield>
    <subfield code="p">Shi jie jing ji, guo ji zheng zhi, guo ji guan xi xue ke juan.</subfield>
  </datafield>
  <datafield tag="880" ind1="2" ind2=" ">
    <subfield code="6">110-01/$1</subfield>
    <subfield code="a">上海市社会科学界联合会.</subfield>
    <subfield code="b">年会</subfield>
    <subfield code="n">(7th :</subfield>
    <subfield code="d">2009 :</subfield>
    <subfield code="c">Shanghai, China)</subfield>
  </datafield>
  <datafield tag="880" ind1="1" ind2="0">
    <subfield code="6">245-02/$1</subfield>
    <subfield code="a">新中国对外关系 60 年 :</subfield>
    <subfield code="b">理论与实践 /</subfield>
    <subfield code="c">上海市社会科学界联合会编.</subfield>
  </datafield>
  <datafield tag="880" ind1=" " ind2=" ">
    <subfield code="6">250-03/$1</subfield>
    <subfield code="a">第1版.</subfield>
  </datafield>
  <datafield tag="880" ind1=" " ind2=" ">
    <subfield code="6">260-04/$1</subfield>
    <subfield code="a">上海 :</subfield>
    <subfield code="b">上海人民出版社,</subfield>
    <subfield code="c">2009.</subfield>
  </datafield>
  <datafield tag="880" ind1="1" ind2=" ">
    <subfield code="6">490-05/$1</subfield>
    <subfield code="a">东方学术文库 ;</subfield>
    <subfield code="v">第 27 卷</subfield>
  </datafield>
  <datafield tag="880" ind1="1" ind2=" ">
    <subfield code="6">490-06/$1</subfield>
    <subfield code="a">上海市社会科学界第七届学术年会文集(2009年度). 世界经济・国际政治・国际关系学科卷</subfield>
  </datafield>
  <datafield tag="880" ind1=" " ind2=" ">
    <subfield code="6">500-07/$1</subfield>
    <subfield code="a">Theme of conference: 新中国 60 年 : 现代化道路与中国特色.</subfield>
  </datafield>
  <datafield tag="880" ind1="2" ind2=" ">
    <subfield code="6">710-08/$1</subfield>
    <subfield code="a">上海市社会科学界联合会.</subfield>
  </datafield>
  <datafield tag="880" ind1=" " ind2="0">
    <subfield code="6">830-09/$1</subfield>
    <subfield code="a">东方学术文库 (Shanghai, China) ;</subfield>
    <subfield code="v">第 27 卷.</subfield>
  </datafield>
  <datafield tag="880" ind1=" " ind2="0">
    <subfield code="6">830-10/$1</subfield>
    <subfield code="a">上海市社会科学界第七届学术年会文集(2009年度).</subfield>
    <subfield code="p">世界经济・国际政治・国际关系学科卷.</subfield>
  </datafield>
  <datafield tag="938" ind1=" " ind2=" ">
    <subfield code="a">China National Publications Import &amp; Export (Group) Corp.</subfield>
    <subfield code="b">CNPI</subfield>
    <subfield code="n">38309480183</subfield>
    <subfield code="c">38.0</subfield>
  </datafield>
  <datafield tag="994" ind1=" " ind2=" ">
    <subfield code="a">C0</subfield>
    <subfield code="b">DGW</subfield>
  </datafield>
  <datafield tag="996" ind1=" " ind2=" ">
    <subfield code="a">New title added 2012-09-06</subfield>
  </datafield>
  <datafield tag="998" ind1=" " ind2=" ">
    <subfield code="c">CC ; gwzhong 2012-09-06 ; GIFT ; Shambaugh</subfield>
  </datafield>
</record>