<record xmlns="http://www.loc.gov/MARC21/slim">
  <leader>02918cam a22005534a 4500</leader>
  <controlfield tag="001">12009811</controlfield>
  <controlfield tag="005">20120926160317.0</controlfield>
  <controlfield tag="008">090528s2009    cc       b    100 0 chi d</controlfield>
  <datafield tag="010" ind1=" " ind2=" ">
    <subfield code="a">  2010373443</subfield>
  </datafield>
  <datafield tag="035" ind1=" " ind2=" ">
    <subfield code="a">(OCoLC)ocn436980495</subfield>
  </datafield>
  <datafield tag="040" ind1=" " ind2=" ">
    <subfield code="a">CNPIT</subfield>
    <subfield code="c">CNPIT</subfield>
    <subfield code="d">DLC</subfield>
    <subfield code="d">INU</subfield>
    <subfield code="d">DGW</subfield>
  </datafield>
  <datafield tag="020" ind1=" " ind2=" ">
    <subfield code="a">9787802322578</subfield>
  </datafield>
  <datafield tag="020" ind1=" " ind2=" ">
    <subfield code="a">780232257X</subfield>
  </datafield>
  <datafield tag="035" ind1=" " ind2=" ">
    <subfield code="a">(OCoLC)436980495</subfield>
  </datafield>
  <datafield tag="042" ind1=" " ind2=" ">
    <subfield code="a">lccopycat</subfield>
  </datafield>
  <datafield tag="043" ind1=" " ind2=" ">
    <subfield code="a">a-cc---</subfield>
  </datafield>
  <datafield tag="050" ind1="0" ind2="0">
    <subfield code="a">DS779.23</subfield>
    <subfield code="b">.Z479 2008</subfield>
  </datafield>
  <datafield tag="082" ind1="0" ind2="4">
    <subfield code="a">951.058</subfield>
    <subfield code="2">22</subfield>
  </datafield>
  <datafield tag="049" ind1=" " ind2=" ">
    <subfield code="a">DGWW</subfield>
  </datafield>
  <datafield tag="111" ind1="2" ind2=" ">
    <subfield code="6">880-01</subfield>
    <subfield code="a">Zhonghua zhan lüe wen hua lun tan</subfield>
    <subfield code="n">(2nd :</subfield>
    <subfield code="d">2008 :</subfield>
    <subfield code="c">Beijing, China)</subfield>
  </datafield>
  <datafield tag="245" ind1="1" ind2="0">
    <subfield code="6">880-02</subfield>
    <subfield code="a">Gai ge kai fang yu Zhonghua zhan lüe wen hua :</subfield>
    <subfield code="b">ji nian Zhongguo gai ge kai fang 30 zhou nian /</subfield>
    <subfield code="c">zhu bian Xu Genchu ; fu zhu bian Yu Yuan, Peng Guangqian.</subfield>
  </datafield>
  <datafield tag="246" ind1="3" ind2="0">
    <subfield code="6">880-03</subfield>
    <subfield code="a">Ji nian Zhongguo gai ge kai fang 30 zhou nian</subfield>
  </datafield>
  <datafield tag="250" ind1=" " ind2=" ">
    <subfield code="6">880-04</subfield>
    <subfield code="a">Di 1 ban.</subfield>
  </datafield>
  <datafield tag="260" ind1=" " ind2=" ">
    <subfield code="6">880-05</subfield>
    <subfield code="a">Beijing Shi :</subfield>
    <subfield code="b">Shi shi chu ban she,</subfield>
    <subfield code="c">2009.</subfield>
  </datafield>
  <datafield tag="300" ind1=" " ind2=" ">
    <subfield code="a">3, 3, 285 p. ;</subfield>
    <subfield code="c">24 cm.</subfield>
  </datafield>
  <datafield tag="490" ind1="0" ind2=" ">
    <subfield code="6">880-06</subfield>
    <subfield code="a">Zhonghua zhan lüe wen hua lun tan wen cong</subfield>
  </datafield>
  <datafield tag="504" ind1=" " ind2=" ">
    <subfield code="a">Includes bibliographical references.</subfield>
  </datafield>
  <datafield tag="520" ind1=" " ind2=" ">
    <subfield code="6">880-07</subfield>
    <subfield code="a">Ben shu shou lu liao "Ji xian lin xian sheng tan zhan lüe wen hua" , "Wo guo guo ji wen hua zhan lüe fa zhan de si lu yu fang fa" , "Deng xiao ping zhi dao xia shou pian bo luan fan zheng zhong yao wen zhang dan sheng ji" deng wen zhang.</subfield>
  </datafield>
  <datafield tag="651" ind1=" " ind2="0">
    <subfield code="a">China</subfield>
    <subfield code="x">Civilization</subfield>
    <subfield code="y">20th century</subfield>
    <subfield code="v">Congresses.</subfield>
  </datafield>
  <datafield tag="651" ind1=" " ind2="0">
    <subfield code="a">China</subfield>
    <subfield code="x">Civilization</subfield>
    <subfield code="y">21st century</subfield>
    <subfield code="v">Congresses.</subfield>
  </datafield>
  <datafield tag="700" ind1="1" ind2=" ">
    <subfield code="6">880-08</subfield>
    <subfield code="a">Xu, Genchu.</subfield>
  </datafield>
  <datafield tag="700" ind1="1" ind2=" ">
    <subfield code="6">880-09</subfield>
    <subfield code="a">Yu, Yuan,.</subfield>
  </datafield>
  <datafield tag="700" ind1="1" ind2=" ">
    <subfield code="6">880-10</subfield>
    <subfield code="a">Peng, Guangqian.</subfield>
  </datafield>
  <datafield tag="710" ind1="2" ind2=" ">
    <subfield code="a">China Documentation Center.</subfield>
  </datafield>
  <datafield tag="776" ind1="0" ind2="8">
    <subfield code="i">Online version:</subfield>
    <subfield code="a">Zhonghua zhan lüe wen hua lun tan (2nd : 2008 : Beijing, China)</subfield>
    <subfield code="t">Gai ge kai fang yu Zhonghua zhan lüe wen hua.</subfield>
    <subfield code="b">Di 1 ban.</subfield>
    <subfield code="d">Beijing Shi : Shi shi chu ban she, 2009</subfield>
    <subfield code="w">(OCoLC)754533705</subfield>
  </datafield>
  <datafield tag="880" ind1="2" ind2=" ">
    <subfield code="6">111-01</subfield>
    <subfield code="a">中华战略文化论坛</subfield>
    <subfield code="n">(2nd :</subfield>
    <subfield code="d">2008 :</subfield>
    <subfield code="c">Beijing, China)</subfield>
  </datafield>
  <datafield tag="880" ind1="1" ind2="0">
    <subfield code="6">245-02</subfield>
    <subfield code="a">改革开放与中华战略文化 :</subfield>
    <subfield code="b">纪念中国改革开放30周年 /</subfield>
    <subfield code="c">主编徐根初 ; 副主编俞源, 彭光谦.</subfield>
  </datafield>
  <datafield tag="880" ind1="3" ind2="0">
    <subfield code="6">246-03</subfield>
    <subfield code="a">纪念中国改革开放30周年</subfield>
  </datafield>
  <datafield tag="880" ind1=" " ind2=" ">
    <subfield code="6">250-04</subfield>
    <subfield code="a">第 1 版.</subfield>
  </datafield>
  <datafield tag="880" ind1=" " ind2=" ">
    <subfield code="6">260-05</subfield>
    <subfield code="a">北京市 :</subfield>
    <subfield code="b">时事出版社,</subfield>
    <subfield code="c">2009.</subfield>
  </datafield>
  <datafield tag="880" ind1="0" ind2=" ">
    <subfield code="6">490-06</subfield>
    <subfield code="a">中华战略文化论坛文丛</subfield>
  </datafield>
  <datafield tag="880" ind1=" " ind2=" ">
    <subfield code="6">520-07</subfield>
    <subfield code="a">本书收录了《季羡林先生谈战略文化》, 《我国国际文化战略发展的思路与方法》, 《邓小平指导下首篇拨乱反正重要文章诞生记》等文章.</subfield>
  </datafield>
  <datafield tag="880" ind1="1" ind2=" ">
    <subfield code="6">700-08</subfield>
    <subfield code="a">徐根初.</subfield>
  </datafield>
  <datafield tag="880" ind1="1" ind2=" ">
    <subfield code="6">700-09</subfield>
    <subfield code="a">俞源.</subfield>
  </datafield>
  <datafield tag="880" ind1="1" ind2=" ">
    <subfield code="6">700-10</subfield>
    <subfield code="a">彭光谦.</subfield>
  </datafield>
  <datafield tag="938" ind1=" " ind2=" ">
    <subfield code="a">China National Publications Import &amp; Export (Group) Corp.</subfield>
    <subfield code="b">CNPI</subfield>
    <subfield code="n">38309322365</subfield>
    <subfield code="c">46.0</subfield>
  </datafield>
  <datafield tag="994" ind1=" " ind2=" ">
    <subfield code="a">C0</subfield>
    <subfield code="b">DGW</subfield>
  </datafield>
  <datafield tag="996" ind1=" " ind2=" ">
    <subfield code="a">New title added 2012-09-26</subfield>
  </datafield>
  <datafield tag="998" ind1=" " ind2=" ">
    <subfield code="c">CCE1 ; gwzhong 2012-09-26 ; GIFT ; Shambaugh</subfield>
  </datafield>
</record>