<record xmlns="http://www.loc.gov/MARC21/slim">
  <leader>01499cam a22003974a 4500</leader>
  <controlfield tag="001">11863531</controlfield>
  <controlfield tag="005">20120904182544.0</controlfield>
  <controlfield tag="008">090528s2009    cc       b    000 0 chi  </controlfield>
  <datafield tag="010" ind1=" " ind2=" ">
    <subfield code="a">  2010373114</subfield>
  </datafield>
  <datafield tag="035" ind1=" " ind2=" ">
    <subfield code="a">(OCoLC)ocn430145469</subfield>
  </datafield>
  <datafield tag="040" ind1=" " ind2=" ">
    <subfield code="a">DLC</subfield>
    <subfield code="b">eng</subfield>
    <subfield code="c">DLC</subfield>
    <subfield code="d">CNPIT</subfield>
    <subfield code="d">COO</subfield>
    <subfield code="d">OCLCQ</subfield>
    <subfield code="d">DGW</subfield>
  </datafield>
  <datafield tag="066" ind1=" " ind2=" ">
    <subfield code="c">$1</subfield>
  </datafield>
  <datafield tag="020" ind1=" " ind2=" ">
    <subfield code="a">9787302200550</subfield>
  </datafield>
  <datafield tag="020" ind1=" " ind2=" ">
    <subfield code="a">7302200556</subfield>
  </datafield>
  <datafield tag="035" ind1=" " ind2=" ">
    <subfield code="a">(OCoLC)430145469</subfield>
  </datafield>
  <datafield tag="043" ind1=" " ind2=" ">
    <subfield code="a">a-cc---</subfield>
  </datafield>
  <datafield tag="050" ind1="0" ind2="0">
    <subfield code="a">DS779.27</subfield>
    <subfield code="b">.M46 2009</subfield>
  </datafield>
  <datafield tag="049" ind1=" " ind2=" ">
    <subfield code="a">DGWW</subfield>
  </datafield>
  <datafield tag="100" ind1="1" ind2=" ">
    <subfield code="6">880-01</subfield>
    <subfield code="a">Men, Honghua.</subfield>
  </datafield>
  <datafield tag="245" ind1="1" ind2="0">
    <subfield code="6">880-02</subfield>
    <subfield code="a">Zhongguo guo ji zhan lüe dao lun /</subfield>
    <subfield code="c">Men Honghua zhu.</subfield>
  </datafield>
  <datafield tag="260" ind1=" " ind2=" ">
    <subfield code="6">880-03</subfield>
    <subfield code="a">Beijing :</subfield>
    <subfield code="b">Qing hua da xue chu ban she,</subfield>
    <subfield code="c">2009.</subfield>
  </datafield>
  <datafield tag="300" ind1=" " ind2=" ">
    <subfield code="a">XI, 353 p. ;</subfield>
    <subfield code="c">23 cm.</subfield>
  </datafield>
  <datafield tag="490" ind1="0" ind2=" ">
    <subfield code="6">880-04</subfield>
    <subfield code="a">Guo qing yan jiu xi lie</subfield>
  </datafield>
  <datafield tag="504" ind1=" " ind2=" ">
    <subfield code="a">Includes bibliographical references (p. 338-352).</subfield>
  </datafield>
  <datafield tag="651" ind1=" " ind2="0">
    <subfield code="a">China</subfield>
    <subfield code="x">Foreign relations</subfield>
    <subfield code="y">1976-</subfield>
  </datafield>
  <datafield tag="651" ind1=" " ind2="0">
    <subfield code="a">China</subfield>
    <subfield code="x">Foreign economic relations.</subfield>
  </datafield>
  <datafield tag="710" ind1="2" ind2=" ">
    <subfield code="a">China Documentation Center.</subfield>
  </datafield>
  <datafield tag="856" ind1="4" ind2="1">
    <subfield code="3">Table of contents only</subfield>
    <subfield code="u">http://catdir.loc.gov/catdir/toc/fy10pdf02/2010373114.html</subfield>
  </datafield>
  <datafield tag="880" ind1="1" ind2=" ">
    <subfield code="6">100-01/$1</subfield>
    <subfield code="a">门洪华.</subfield>
  </datafield>
  <datafield tag="880" ind1="1" ind2="0">
    <subfield code="6">245-02/$1</subfield>
    <subfield code="a">中国国际战略导论 /</subfield>
    <subfield code="c">门洪华著.</subfield>
  </datafield>
  <datafield tag="880" ind1=" " ind2=" ">
    <subfield code="6">260-03/$1</subfield>
    <subfield code="a">北京 :</subfield>
    <subfield code="b">清华大学出版社,</subfield>
    <subfield code="c">2009.</subfield>
  </datafield>
  <datafield tag="880" ind1="0" ind2=" ">
    <subfield code="6">490-04/$1</subfield>
    <subfield code="a">国情研究系列</subfield>
  </datafield>
  <datafield tag="938" ind1=" " ind2=" ">
    <subfield code="a">China National Publications Import &amp; Export (Group) Corp.</subfield>
    <subfield code="b">CNPI</subfield>
    <subfield code="n">38309270293</subfield>
    <subfield code="c">36.0</subfield>
  </datafield>
  <datafield tag="994" ind1=" " ind2=" ">
    <subfield code="a">C0</subfield>
    <subfield code="b">DGW</subfield>
  </datafield>
  <datafield tag="996" ind1=" " ind2=" ">
    <subfield code="a">New title added 2012-09-04</subfield>
  </datafield>
  <datafield tag="998" ind1=" " ind2=" ">
    <subfield code="c">CC ; gwzhong 2012-09-04 ; GIFT ; Shambaugh</subfield>
  </datafield>
</record>