<record xmlns="http://www.loc.gov/MARC21/slim">
  <leader>02555cam a22005174a 4500</leader>
  <controlfield tag="001">11865873</controlfield>
  <controlfield tag="005">20120906200058.0</controlfield>
  <controlfield tag="008">080628s2008    cc a     b    000 0 chi d</controlfield>
  <datafield tag="010" ind1=" " ind2=" ">
    <subfield code="a">  2010373362</subfield>
  </datafield>
  <datafield tag="035" ind1=" " ind2=" ">
    <subfield code="a">(OCoLC)ocn314019324</subfield>
  </datafield>
  <datafield tag="040" ind1=" " ind2=" ">
    <subfield code="a">CNPIT</subfield>
    <subfield code="b">eng</subfield>
    <subfield code="c">CNPIT</subfield>
    <subfield code="d">DLC</subfield>
    <subfield code="d">HKP</subfield>
    <subfield code="d">OCLCQ</subfield>
    <subfield code="d">DGW</subfield>
  </datafield>
  <datafield tag="066" ind1=" " ind2=" ">
    <subfield code="c">$1</subfield>
  </datafield>
  <datafield tag="020" ind1=" " ind2=" ">
    <subfield code="a">9787802321878</subfield>
  </datafield>
  <datafield tag="020" ind1=" " ind2=" ">
    <subfield code="a">7802321875</subfield>
  </datafield>
  <datafield tag="035" ind1=" " ind2=" ">
    <subfield code="a">(OCoLC)314019324</subfield>
  </datafield>
  <datafield tag="041" ind1="0" ind2=" ">
    <subfield code="a">chi</subfield>
    <subfield code="f">eng</subfield>
  </datafield>
  <datafield tag="042" ind1=" " ind2=" ">
    <subfield code="a">lccopycat</subfield>
  </datafield>
  <datafield tag="043" ind1=" " ind2=" ">
    <subfield code="a">a-cc---</subfield>
  </datafield>
  <datafield tag="050" ind1="0" ind2="0">
    <subfield code="a">DS779.47</subfield>
    <subfield code="b">.G857 2008</subfield>
  </datafield>
  <datafield tag="090" ind1=" " ind2=" ">
    <subfield code="a">DS779.47</subfield>
    <subfield code="b">.G827 2008</subfield>
  </datafield>
  <datafield tag="049" ind1=" " ind2=" ">
    <subfield code="a">DGWW</subfield>
  </datafield>
  <datafield tag="245" ind1="0" ind2="0">
    <subfield code="6">880-01</subfield>
    <subfield code="a">Guo ji re dian yu Zhongguo de wai jiao ying dui =</subfield>
    <subfield code="b">International hot issues and China's foreign policy /</subfield>
    <subfield code="c">Shanghai she hui ke xue yuan shi jie jing ji yu zheng zhi yan jiu yuan.</subfield>
  </datafield>
  <datafield tag="246" ind1="3" ind2="1">
    <subfield code="a">International hot issues and China's foreign policy</subfield>
  </datafield>
  <datafield tag="250" ind1=" " ind2=" ">
    <subfield code="6">880-02</subfield>
    <subfield code="a">Di 1 ban.</subfield>
  </datafield>
  <datafield tag="260" ind1=" " ind2=" ">
    <subfield code="6">880-03</subfield>
    <subfield code="a">Beijing shi :</subfield>
    <subfield code="b">Shi shi chu ban she,</subfield>
    <subfield code="c">2008.</subfield>
  </datafield>
  <datafield tag="300" ind1=" " ind2=" ">
    <subfield code="a">2, 3, 352 p. :</subfield>
    <subfield code="b">ill. ;</subfield>
    <subfield code="c">24 cm.</subfield>
  </datafield>
  <datafield tag="490" ind1="1" ind2=" ">
    <subfield code="6">880-04</subfield>
    <subfield code="a">Guo ji guan xi yan jiu 2008 nian di 3 ji =</subfield>
    <subfield code="a">International relations studies, no. 3, 2008 ;</subfield>
    <subfield code="v">zong di 10 ji.</subfield>
  </datafield>
  <datafield tag="546" ind1=" " ind2=" ">
    <subfield code="a">Table of contents also in English.</subfield>
  </datafield>
  <datafield tag="504" ind1=" " ind2=" ">
    <subfield code="a">Includes bibliographical references.</subfield>
  </datafield>
  <datafield tag="651" ind1=" " ind2="0">
    <subfield code="a">China</subfield>
    <subfield code="x">Foreign relations</subfield>
    <subfield code="y">21st century.</subfield>
  </datafield>
  <datafield tag="710" ind1="2" ind2=" ">
    <subfield code="6">880-05</subfield>
    <subfield code="a">Shanghai she hui ke xue yuan.</subfield>
    <subfield code="b">Shi jie jing ji yu zheng zhi yan jiu yuan.</subfield>
  </datafield>
  <datafield tag="710" ind1="2" ind2=" ">
    <subfield code="a">China Documentation Center.</subfield>
  </datafield>
  <datafield tag="830" ind1=" " ind2="0">
    <subfield code="6">880-06</subfield>
    <subfield code="a">Guo ji guan xi yan jiu.</subfield>
    <subfield code="n">2008 nian di 3 ji.</subfield>
  </datafield>
  <datafield tag="830" ind1=" " ind2="0">
    <subfield code="6">880-07</subfield>
    <subfield code="a">Guo ji guan xi yan jiu ;</subfield>
    <subfield code="v">di 10 ji.</subfield>
  </datafield>
  <datafield tag="856" ind1="4" ind2="1">
    <subfield code="3">Table of contents only</subfield>
    <subfield code="u">http://catdir.loc.gov/catdir/toc/fy10pdf02/2010373362.html</subfield>
  </datafield>
  <datafield tag="880" ind1="0" ind2="0">
    <subfield code="6">245-01/$1</subfield>
    <subfield code="a">国际热点与中国的外交应对 =</subfield>
    <subfield code="b">International hot issues and China's foreign policy /</subfield>
    <subfield code="c">上海社会科学院世界经济与政治研究院.</subfield>
  </datafield>
  <datafield tag="880" ind1=" " ind2=" ">
    <subfield code="6">250-02/$1</subfield>
    <subfield code="a">第 1 版.</subfield>
  </datafield>
  <datafield tag="880" ind1=" " ind2=" ">
    <subfield code="6">260-03/$1</subfield>
    <subfield code="a">北京市 :</subfield>
    <subfield code="b">时事出版社,</subfield>
    <subfield code="c">2008.</subfield>
  </datafield>
  <datafield tag="880" ind1="1" ind2=" ">
    <subfield code="6">490-04/$1</subfield>
    <subfield code="a">国际关系研究2008年第3辑 =</subfield>
    <subfield code="a">International relations studies, no. 3, 2008 ;</subfield>
    <subfield code="v">总第10辑.</subfield>
  </datafield>
  <datafield tag="880" ind1="2" ind2=" ">
    <subfield code="6">710-05/$1</subfield>
    <subfield code="a">上海社会科学院.</subfield>
    <subfield code="b">世界经济与政治研究院.</subfield>
  </datafield>
  <datafield tag="880" ind1=" " ind2="0">
    <subfield code="6">830-06/$1</subfield>
    <subfield code="a">国际关系研究.</subfield>
    <subfield code="n">2008年第3辑.</subfield>
  </datafield>
  <datafield tag="880" ind1=" " ind2="0">
    <subfield code="6">830-07/$1</subfield>
    <subfield code="a">国际关系研究 ;</subfield>
    <subfield code="v">第10辑.</subfield>
  </datafield>
  <datafield tag="938" ind1=" " ind2=" ">
    <subfield code="a">China National Publications Import &amp; Export (Group) Corp.</subfield>
    <subfield code="b">CNPI</subfield>
    <subfield code="n">38308510353</subfield>
    <subfield code="c">45.5</subfield>
  </datafield>
  <datafield tag="994" ind1=" " ind2=" ">
    <subfield code="a">C0</subfield>
    <subfield code="b">DGW</subfield>
  </datafield>
  <datafield tag="996" ind1=" " ind2=" ">
    <subfield code="a">New title added 2012-09-06</subfield>
  </datafield>
  <datafield tag="998" ind1=" " ind2=" ">
    <subfield code="c">CCE1 ; gwzhong 2012-09-06 ; GIFT ; Shambaugh</subfield>
  </datafield>
</record>