<record xmlns="http://www.loc.gov/MARC21/slim">
  <leader>01730cam a2200445 a 4500</leader>
  <controlfield tag="001">11867325</controlfield>
  <controlfield tag="005">20120907162455.0</controlfield>
  <controlfield tag="008">120613s2011    ko a     b   f001 0 kor  </controlfield>
  <datafield tag="010" ind1=" " ind2=" ">
    <subfield code="a">  2012373708</subfield>
  </datafield>
  <datafield tag="035" ind1=" " ind2=" ">
    <subfield code="a">(OCoLC)ocn796003439</subfield>
  </datafield>
  <datafield tag="040" ind1=" " ind2=" ">
    <subfield code="a">DLC</subfield>
    <subfield code="b">eng</subfield>
    <subfield code="c">DLC</subfield>
    <subfield code="d">DGW</subfield>
  </datafield>
  <datafield tag="066" ind1=" " ind2=" ">
    <subfield code="c">$1</subfield>
  </datafield>
  <datafield tag="020" ind1=" " ind2=" ">
    <subfield code="a">9788982365393</subfield>
  </datafield>
  <datafield tag="020" ind1=" " ind2=" ">
    <subfield code="a">8982365397</subfield>
  </datafield>
  <datafield tag="029" ind1="1" ind2=" ">
    <subfield code="a">AU@</subfield>
    <subfield code="b">000049562684</subfield>
  </datafield>
  <datafield tag="035" ind1=" " ind2=" ">
    <subfield code="a">(OCoLC)796003439</subfield>
  </datafield>
  <datafield tag="041" ind1="0" ind2=" ">
    <subfield code="a">kor</subfield>
    <subfield code="a">jpn</subfield>
  </datafield>
  <datafield tag="042" ind1=" " ind2=" ">
    <subfield code="a">pcc</subfield>
  </datafield>
  <datafield tag="043" ind1=" " ind2=" ">
    <subfield code="a">a-ja---</subfield>
    <subfield code="a">a-kr---</subfield>
  </datafield>
  <datafield tag="050" ind1="0" ind2="0">
    <subfield code="a">DS832.7.K6</subfield>
    <subfield code="b">C468 2011</subfield>
  </datafield>
  <datafield tag="049" ind1=" " ind2=" ">
    <subfield code="a">DGWW</subfield>
  </datafield>
  <datafield tag="245" ind1="0" ind2="0">
    <subfield code="6">880-01</subfield>
    <subfield code="a">Chaeoe tongp'osa yŏnp'yo.</subfield>
    <subfield code="p">Ilbon =</subfield>
    <subfield code="b">Korean experience chronology in Japan.</subfield>
  </datafield>
  <datafield tag="246" ind1="3" ind2="0">
    <subfield code="6">880-02</subfield>
    <subfield code="a">Ilbon</subfield>
  </datafield>
  <datafield tag="246" ind1="3" ind2="1">
    <subfield code="a">Korean experience chronology in Japan</subfield>
  </datafield>
  <datafield tag="250" ind1=" " ind2=" ">
    <subfield code="6">880-03</subfield>
    <subfield code="a">Ch'op'an.</subfield>
  </datafield>
  <datafield tag="260" ind1=" " ind2=" ">
    <subfield code="6">880-04</subfield>
    <subfield code="a">Kyŏnggi-do Kwach'ŏn-si :</subfield>
    <subfield code="b">Kuksa P'yŏnch'an Wiwŏnhoe,</subfield>
    <subfield code="c">2011.</subfield>
  </datafield>
  <datafield tag="300" ind1=" " ind2=" ">
    <subfield code="a">264 p. :</subfield>
    <subfield code="b">ill. ;</subfield>
    <subfield code="c">23 cm.</subfield>
  </datafield>
  <datafield tag="546" ind1=" " ind2=" ">
    <subfield code="a">Text in Korean and Japanese.</subfield>
  </datafield>
  <datafield tag="500" ind1=" " ind2=" ">
    <subfield code="a">"Palgan tŭngnok pŏnho: 11-1341106-000005-14"--Cover.</subfield>
  </datafield>
  <datafield tag="504" ind1=" " ind2=" ">
    <subfield code="a">Includes bibliographical references (p. 258-260) and index.</subfield>
  </datafield>
  <datafield tag="650" ind1=" " ind2="0">
    <subfield code="a">Koreans</subfield>
    <subfield code="z">Japan</subfield>
    <subfield code="x">History</subfield>
    <subfield code="y">20th century</subfield>
    <subfield code="v">Chronology.</subfield>
  </datafield>
  <datafield tag="710" ind1="1" ind2=" ">
    <subfield code="6">880-05</subfield>
    <subfield code="a">Korea (South).</subfield>
    <subfield code="b">Kuksa P'yŏnch'an Wiwŏnhoe.</subfield>
  </datafield>
  <datafield tag="880" ind1="0" ind2="0">
    <subfield code="6">245-01/$1</subfield>
    <subfield code="a">재외 동포사 연표.</subfield>
    <subfield code="p">일본 =</subfield>
    <subfield code="b">Korean experience chronology in Japan.</subfield>
  </datafield>
  <datafield tag="880" ind1="3" ind2="0">
    <subfield code="6">246-02/$1</subfield>
    <subfield code="a">일본</subfield>
  </datafield>
  <datafield tag="880" ind1=" " ind2=" ">
    <subfield code="6">250-03/$1</subfield>
    <subfield code="a">초판.</subfield>
  </datafield>
  <datafield tag="880" ind1=" " ind2=" ">
    <subfield code="6">260-04/$1</subfield>
    <subfield code="a">경기도 과천시 :</subfield>
    <subfield code="b">국사 편찬 위원회,</subfield>
    <subfield code="c">2011.</subfield>
  </datafield>
  <datafield tag="880" ind1="1" ind2=" ">
    <subfield code="6">710-05/$1</subfield>
    <subfield code="a">Korea (South).</subfield>
    <subfield code="b">국사 편찬 위원회</subfield>
  </datafield>
  <datafield tag="994" ind1=" " ind2=" ">
    <subfield code="a">C0</subfield>
    <subfield code="b">DGW</subfield>
  </datafield>
  <datafield tag="996" ind1=" " ind2=" ">
    <subfield code="a">New title added 2012-09-07</subfield>
  </datafield>
  <datafield tag="998" ind1=" " ind2=" ">
    <subfield code="c">CC ; gwseeacoo 2012-09-07 ; GIFT ; None of the above     ;</subfield>
  </datafield>
</record>