<record xmlns="http://www.loc.gov/MARC21/slim">
  <leader>02276cas a2200541 a 4500</leader>
  <controlfield tag="001">6590355</controlfield>
  <controlfield tag="005">20060424151130.0</controlfield>
  <controlfield tag="008">920303c19879999ja ar        f0   d0jpn d</controlfield>
  <datafield tag="010" ind1=" " ind2=" ">
    <subfield code="a">sn 95043469 </subfield>
  </datafield>
  <datafield tag="035" ind1=" " ind2=" ">
    <subfield code="a">(OCoLC)ocm25384037</subfield>
  </datafield>
  <datafield tag="040" ind1=" " ind2=" ">
    <subfield code="a">NDU</subfield>
    <subfield code="c">NDU</subfield>
    <subfield code="d">WAU</subfield>
    <subfield code="d">DLC</subfield>
    <subfield code="d">OCL</subfield>
    <subfield code="d">WAU</subfield>
    <subfield code="d">HUL</subfield>
    <subfield code="d">IUL</subfield>
    <subfield code="d">DGW</subfield>
  </datafield>
  <datafield tag="066" ind1=" " ind2=" ">
    <subfield code="c">$1</subfield>
  </datafield>
  <datafield tag="012" ind1=" " ind2=" ">
    <subfield code="i">9506</subfield>
  </datafield>
  <datafield tag="042" ind1=" " ind2=" ">
    <subfield code="a">lcd</subfield>
  </datafield>
  <datafield tag="043" ind1=" " ind2=" ">
    <subfield code="a">a-ja---</subfield>
  </datafield>
  <datafield tag="050" ind1="1" ind2="4">
    <subfield code="a">DS891.2</subfield>
    <subfield code="b">.G355</subfield>
  </datafield>
  <datafield tag="049" ind1=" " ind2=" ">
    <subfield code="a">DGWW</subfield>
  </datafield>
  <datafield tag="245" ind1="0" ind2="0">
    <subfield code="6">880-01</subfield>
    <subfield code="a">Gaikō seisho.</subfield>
  </datafield>
  <datafield tag="246" ind1="1" ind2=" ">
    <subfield code="6">880-02</subfield>
    <subfield code="i">Vols. for 1987-1991 have subtitle:</subfield>
    <subfield code="a">Waga gaikō no kinkyō</subfield>
  </datafield>
  <datafield tag="246" ind1="1" ind2=" ">
    <subfield code="i">Vols. for 1993-1995 have English title on spine:</subfield>
    <subfield code="a">Diplomatic bluebook</subfield>
  </datafield>
  <datafield tag="260" ind1=" " ind2=" ">
    <subfield code="6">880-03</subfield>
    <subfield code="a">Tōkyō :</subfield>
    <subfield code="b">Ōkurashō Insatsukyoku,</subfield>
    <subfield code="c">Shōwa 62 [1987]-</subfield>
  </datafield>
  <datafield tag="300" ind1=" " ind2=" ">
    <subfield code="a">v. :</subfield>
    <subfield code="b">ill. ;</subfield>
    <subfield code="c">21 cm.</subfield>
  </datafield>
  <datafield tag="310" ind1=" " ind2=" ">
    <subfield code="a">Annual</subfield>
  </datafield>
  <datafield tag="362" ind1="0" ind2=" ">
    <subfield code="6">880-04</subfield>
    <subfield code="a">Dai 31-gō [1987-nenban]-</subfield>
  </datafield>
  <datafield tag="500" ind1=" " ind2=" ">
    <subfield code="a">Some vols. have also a distinctive title.</subfield>
  </datafield>
  <datafield tag="500" ind1=" " ind2=" ">
    <subfield code="a">Vols. for &lt;2001- &gt; accompanied by CD-ROM.</subfield>
  </datafield>
  <datafield tag="550" ind1=" " ind2=" ">
    <subfield code="6">880-05</subfield>
    <subfield code="a">Issued by: Gaimushō.</subfield>
  </datafield>
  <datafield tag="515" ind1=" " ind2=" ">
    <subfield code="a">Vols. for 1993-   issued in two parts.</subfield>
  </datafield>
  <datafield tag="500" ind1=" " ind2=" ">
    <subfield code="a">Latest issue consulted: Dai 47-gō (2004).</subfield>
  </datafield>
  <datafield tag="651" ind1=" " ind2="0">
    <subfield code="a">Japan</subfield>
    <subfield code="x">Foreign relations</subfield>
    <subfield code="y">1945-1989</subfield>
    <subfield code="v">Periodicals.</subfield>
  </datafield>
  <datafield tag="651" ind1=" " ind2="0">
    <subfield code="a">Japan</subfield>
    <subfield code="x">Foreign relations</subfield>
    <subfield code="y">1989-</subfield>
    <subfield code="v">Periodicals.</subfield>
  </datafield>
  <datafield tag="710" ind1="1" ind2=" ">
    <subfield code="6">880-06</subfield>
    <subfield code="a">Japan.</subfield>
    <subfield code="b">Gaimushō.</subfield>
  </datafield>
  <datafield tag="710" ind1="1" ind2=" ">
    <subfield code="6">880-07</subfield>
    <subfield code="a">Japan.</subfield>
    <subfield code="b">Ōkurashō.</subfield>
    <subfield code="b">Insatsukyoku.</subfield>
  </datafield>
  <datafield tag="767" ind1="0" ind2=" ">
    <subfield code="6">880-08</subfield>
    <subfield code="t">Gaikō seisho. English. Diplomatic bluebook</subfield>
    <subfield code="w">(DLC)sn 95043460</subfield>
    <subfield code="w">(OCoLC)31691183</subfield>
  </datafield>
  <datafield tag="780" ind1="0" ind2="0">
    <subfield code="6">880-09</subfield>
    <subfield code="t">Waga gaikō no kinkyō</subfield>
    <subfield code="w">(DLC)sn 94033196</subfield>
    <subfield code="w">(OCoLC)1590608</subfield>
  </datafield>
  <datafield tag="850" ind1=" " ind2=" ">
    <subfield code="a">WaU</subfield>
  </datafield>
  <datafield tag="891" ind1="2" ind2="0">
    <subfield code="9">853</subfield>
    <subfield code="8">1</subfield>
    <subfield code="a">dai -gō</subfield>
    <subfield code="i">(year)</subfield>
    <subfield code="v">c</subfield>
    <subfield code="w">a</subfield>
  </datafield>
  <datafield tag="891" ind1="4" ind2="1">
    <subfield code="9">863</subfield>
    <subfield code="8">1.1</subfield>
    <subfield code="a">31</subfield>
    <subfield code="i">1987</subfield>
  </datafield>
  <datafield tag="880" ind1="0" ind2="0">
    <subfield code="6">245-01/$1</subfield>
    <subfield code="a">外交青書.</subfield>
  </datafield>
  <datafield tag="880" ind1="1" ind2=" ">
    <subfield code="6">246-02/$1</subfield>
    <subfield code="i">Vols. for 1987-1991 have subtitle:</subfield>
    <subfield code="a">わが外交の近況</subfield>
  </datafield>
  <datafield tag="880" ind1=" " ind2=" ">
    <subfield code="6">260-03/$1</subfield>
    <subfield code="a">東京 :</subfield>
    <subfield code="b">大蔵省印刷局,</subfield>
    <subfield code="c">昭和62 [1987]-</subfield>
  </datafield>
  <datafield tag="880" ind1="0" ind2=" ">
    <subfield code="6">362-04/$1</subfield>
    <subfield code="a">第31号[1987年版]-</subfield>
  </datafield>
  <datafield tag="880" ind1=" " ind2=" ">
    <subfield code="6">550-05/$1</subfield>
    <subfield code="a">Issued by: 外務省.</subfield>
  </datafield>
  <datafield tag="880" ind1="1" ind2=" ">
    <subfield code="6">710-06/$1</subfield>
    <subfield code="a">Japan.</subfield>
    <subfield code="b">外務省.</subfield>
  </datafield>
  <datafield tag="880" ind1="1" ind2=" ">
    <subfield code="6">710-07/$1</subfield>
    <subfield code="a">Japan.</subfield>
    <subfield code="b">大蔵省.</subfield>
    <subfield code="b">印刷局.</subfield>
  </datafield>
  <datafield tag="880" ind1="0" ind2=" ">
    <subfield code="6">767-08/$1</subfield>
    <subfield code="t">外交青書. English. Diplomatic bluebook</subfield>
    <subfield code="w">(DLC)sn 95043460</subfield>
    <subfield code="w">(OCoLC)31691183</subfield>
  </datafield>
  <datafield tag="880" ind1="0" ind2="0">
    <subfield code="6">780-09/$1</subfield>
    <subfield code="t">わが外交の近況</subfield>
    <subfield code="w">(DLC)sn 94033196</subfield>
    <subfield code="w">(OCoLC)1590608</subfield>
  </datafield>
  <datafield tag="994" ind1=" " ind2=" ">
    <subfield code="a">C0</subfield>
    <subfield code="b">DGW</subfield>
  </datafield>
</record>