<record xmlns="http://www.loc.gov/MARC21/slim">
  <leader>02052cas a2200517 a 4500</leader>
  <controlfield tag="001">3984496</controlfield>
  <controlfield tag="005">20080828105028.0</controlfield>
  <controlfield tag="008">780713d19722006ja ar        f0    0jpn d</controlfield>
  <datafield tag="010" ind1=" " ind2=" ">
    <subfield code="a">   72808527 </subfield>
    <subfield code="z">sn 85021799 </subfield>
  </datafield>
  <datafield tag="035" ind1=" " ind2=" ">
    <subfield code="a">(OCoLC)ocm04049187</subfield>
  </datafield>
  <datafield tag="040" ind1=" " ind2=" ">
    <subfield code="a">COO</subfield>
    <subfield code="c">COO</subfield>
    <subfield code="d">NLM</subfield>
    <subfield code="d">RCS</subfield>
    <subfield code="d">NSD</subfield>
    <subfield code="d">IUL</subfield>
    <subfield code="d">WAU</subfield>
    <subfield code="d">DLC</subfield>
    <subfield code="d">SYS</subfield>
    <subfield code="d">DLC</subfield>
    <subfield code="d">OCLCQ</subfield>
    <subfield code="d">DLC</subfield>
    <subfield code="d">IUL</subfield>
  </datafield>
  <datafield tag="066" ind1=" " ind2=" ">
    <subfield code="c">$1</subfield>
  </datafield>
  <datafield tag="029" ind1="1" ind2=" ">
    <subfield code="a">NLM</subfield>
    <subfield code="b">7901855</subfield>
  </datafield>
  <datafield tag="035" ind1=" " ind2=" ">
    <subfield code="a">(OCoLC)4049187</subfield>
  </datafield>
  <datafield tag="042" ind1=" " ind2=" ">
    <subfield code="a">lc</subfield>
  </datafield>
  <datafield tag="043" ind1=" " ind2=" ">
    <subfield code="a">a-ja---</subfield>
  </datafield>
  <datafield tag="050" ind1="0" ind2="0">
    <subfield code="a">HC465.E5</subfield>
    <subfield code="b">K37</subfield>
  </datafield>
  <datafield tag="049" ind1=" " ind2=" ">
    <subfield code="a">DGWW</subfield>
  </datafield>
  <datafield tag="245" ind1="0" ind2="0">
    <subfield code="6">880-01</subfield>
    <subfield code="a">Kankyō hakusho /</subfield>
    <subfield code="c">Kankyōchō hen.</subfield>
  </datafield>
  <datafield tag="260" ind1=" " ind2=" ">
    <subfield code="6">880-02</subfield>
    <subfield code="a">[Tokyo] :</subfield>
    <subfield code="b">Ōkurashō Insatsukyoku,</subfield>
    <subfield code="c">Heisei 47 [1972]-</subfield>
  </datafield>
  <datafield tag="300" ind1=" " ind2=" ">
    <subfield code="a">v. :</subfield>
    <subfield code="b">ill. ;</subfield>
    <subfield code="c">22 cm.</subfield>
  </datafield>
  <datafield tag="310" ind1=" " ind2=" ">
    <subfield code="a">Annual</subfield>
  </datafield>
  <datafield tag="362" ind1="0" ind2=" ">
    <subfield code="6">880-03</subfield>
    <subfield code="a">Shōwa 47-nenban [1972]-</subfield>
  </datafield>
  <datafield tag="362" ind1="1" ind2=" ">
    <subfield code="a">Ceased in 2006.</subfield>
  </datafield>
  <datafield tag="515" ind1=" " ind2=" ">
    <subfield code="a">Vols. for 1990-&lt;1998&gt; issued in 2 pts.: Sōsetsu, and Kakuron.</subfield>
  </datafield>
  <datafield tag="550" ind1=" " ind2=" ">
    <subfield code="a">Vols. for &lt;Heisei 18-nenban&gt; issued by: Kankyōshō.</subfield>
  </datafield>
  <datafield tag="650" ind1=" " ind2="0">
    <subfield code="a">Environmental health</subfield>
    <subfield code="z">Japan</subfield>
    <subfield code="v">Periodicals.</subfield>
  </datafield>
  <datafield tag="650" ind1=" " ind2="0">
    <subfield code="a">Environmental policy</subfield>
    <subfield code="z">Japan</subfield>
    <subfield code="v">Periodicals.</subfield>
  </datafield>
  <datafield tag="650" ind1=" " ind2="2">
    <subfield code="a">Environmental Health</subfield>
    <subfield code="z">Japan</subfield>
    <subfield code="v">Periodicals.</subfield>
  </datafield>
  <datafield tag="650" ind1=" " ind2="2">
    <subfield code="a">Environmental Pollution</subfield>
    <subfield code="x">prevention &amp; control</subfield>
    <subfield code="z">Japan</subfield>
    <subfield code="v">Periodicals.</subfield>
  </datafield>
  <datafield tag="710" ind1="1" ind2=" ">
    <subfield code="6">880-04</subfield>
    <subfield code="a">Japan.</subfield>
    <subfield code="b">Kankyōchō.</subfield>
  </datafield>
  <datafield tag="710" ind1="1" ind2=" ">
    <subfield code="6">880-05</subfield>
    <subfield code="a">Japan.</subfield>
    <subfield code="b">Kankyōshō.</subfield>
  </datafield>
  <datafield tag="710" ind1="2" ind2=" ">
    <subfield code="a">Japan Resource Center.</subfield>
  </datafield>
  <datafield tag="780" ind1="0" ind2="0">
    <subfield code="6">880-06</subfield>
    <subfield code="t">Kōgai hakusho</subfield>
    <subfield code="w">(OCoLC)14203416</subfield>
  </datafield>
  <datafield tag="785" ind1="0" ind2="0">
    <subfield code="6">880-07</subfield>
    <subfield code="t">Kankyō junkangata shakai hakusho</subfield>
    <subfield code="w">(DLC)  2007209676</subfield>
    <subfield code="w">(OCoLC)166228430</subfield>
  </datafield>
  <datafield tag="891" ind1="3" ind2="3">
    <subfield code="9">853</subfield>
    <subfield code="8">1</subfield>
    <subfield code="a">(year)</subfield>
    <subfield code="w">a</subfield>
  </datafield>
  <datafield tag="891" ind1="4" ind2="0">
    <subfield code="9">863</subfield>
    <subfield code="8">1</subfield>
    <subfield code="a">&lt;1999&gt;</subfield>
    <subfield code="x">provisional</subfield>
  </datafield>
  <datafield tag="880" ind1="0" ind2="0">
    <subfield code="6">245-01/$1</subfield>
    <subfield code="a">環境白書 /</subfield>
    <subfield code="c">環境庁編.</subfield>
  </datafield>
  <datafield tag="880" ind1=" " ind2=" ">
    <subfield code="6">260-02/$1</subfield>
    <subfield code="a">[Tokyo] :</subfield>
    <subfield code="b">大蔵省印刷局,</subfield>
    <subfield code="c">昭和47 [1972]-</subfield>
  </datafield>
  <datafield tag="880" ind1="0" ind2=" ">
    <subfield code="6">362-03/$1</subfield>
    <subfield code="a">昭和47年版 [1972]-</subfield>
  </datafield>
  <datafield tag="880" ind1="1" ind2=" ">
    <subfield code="6">710-04/$1</subfield>
    <subfield code="a">Japan.</subfield>
    <subfield code="b">環境庁.</subfield>
  </datafield>
  <datafield tag="880" ind1="1" ind2=" ">
    <subfield code="6">710-05/$1</subfield>
    <subfield code="a">Japan.</subfield>
    <subfield code="b">環境省.</subfield>
  </datafield>
  <datafield tag="880" ind1="0" ind2="0">
    <subfield code="6">780-06/$1</subfield>
    <subfield code="t">公害白書</subfield>
    <subfield code="w">(OCoLC)14203416</subfield>
  </datafield>
  <datafield tag="880" ind1="0" ind2="0">
    <subfield code="6">785-07/$1</subfield>
    <subfield code="t">環境循環型社会白書</subfield>
    <subfield code="w">(DLC)  2007209676</subfield>
    <subfield code="w">(OCoLC)166228430</subfield>
  </datafield>
  <datafield tag="936" ind1=" " ind2=" ">
    <subfield code="a">Heisei 9-nenban [1997]-</subfield>
  </datafield>
  <datafield tag="994" ind1=" " ind2=" ">
    <subfield code="a">C0</subfield>
    <subfield code="b">DGW</subfield>
  </datafield>
</record>