<record xmlns="http://www.loc.gov/MARC21/slim">
  <leader>01735cam a2200409 a 4500</leader>
  <controlfield tag="001">11496765</controlfield>
  <controlfield tag="005">20120420135601.0</controlfield>
  <controlfield tag="008">030930s2003    ru cf    b    001 0arusoc</controlfield>
  <datafield tag="010" ind1=" " ind2=" ">
    <subfield code="a">  2005443472</subfield>
  </datafield>
  <datafield tag="035" ind1=" " ind2=" ">
    <subfield code="a">(OCoLC)ocm54118289</subfield>
  </datafield>
  <datafield tag="040" ind1=" " ind2=" ">
    <subfield code="a">TXA</subfield>
    <subfield code="c">TXA</subfield>
    <subfield code="d">DLC</subfield>
    <subfield code="d">NLGGC</subfield>
    <subfield code="d">STF</subfield>
    <subfield code="d">OCLCG</subfield>
    <subfield code="d">DGW</subfield>
  </datafield>
  <datafield tag="020" ind1=" " ind2=" ">
    <subfield code="a">5867932125</subfield>
  </datafield>
  <datafield tag="020" ind1=" " ind2=" ">
    <subfield code="a">9785867932121</subfield>
  </datafield>
  <datafield tag="035" ind1=" " ind2=" ">
    <subfield code="a">(OCoLC)54118289</subfield>
  </datafield>
  <datafield tag="042" ind1=" " ind2=" ">
    <subfield code="a">pcc</subfield>
  </datafield>
  <datafield tag="043" ind1=" " ind2=" ">
    <subfield code="a">e-ur---</subfield>
  </datafield>
  <datafield tag="050" ind1="0" ind2="0">
    <subfield code="a">PG3476.S66</subfield>
    <subfield code="b">Z475 2003</subfield>
  </datafield>
  <datafield tag="049" ind1=" " ind2=" ">
    <subfield code="a">DGWW</subfield>
  </datafield>
  <datafield tag="100" ind1="1" ind2=" ">
    <subfield code="a">Solovʹev, S. M.</subfield>
    <subfield code="q">(Sergeĭ Mikhaĭlovich),</subfield>
    <subfield code="d">1885-1942.</subfield>
  </datafield>
  <datafield tag="245" ind1="1" ind2="0">
    <subfield code="a">Vospominanii͡a /</subfield>
    <subfield code="c">S. Solovʹev ; [sostavlenie, podgotovka teksta i kommentarii k "Vospominanii͡am" S.M. Misochnik ; podgotovka teksta i kommentarii k "Vospominanii͡am ob Aleksandre Bloke" V.V. Nekhotina ; vstupitelʹnai͡a statʹi͡a A.V. Lavrova].</subfield>
  </datafield>
  <datafield tag="260" ind1=" " ind2=" ">
    <subfield code="a">Moskva :</subfield>
    <subfield code="b">Novoe literaturnoe obozrenie,</subfield>
    <subfield code="c">c2003.</subfield>
  </datafield>
  <datafield tag="300" ind1=" " ind2=" ">
    <subfield code="a">484 p., [16] p. of plates :</subfield>
    <subfield code="b">ports. ;</subfield>
    <subfield code="c">22 cm.</subfield>
  </datafield>
  <datafield tag="490" ind1="1" ind2=" ">
    <subfield code="a">Rossii͡a v memuarakh</subfield>
  </datafield>
  <datafield tag="504" ind1=" " ind2=" ">
    <subfield code="a">Includes bibliographical references and index.</subfield>
  </datafield>
  <datafield tag="505" ind1="0" ind2=" ">
    <subfield code="a">Vospominanii͡a -- Vospominanii͡a ob Aleksandre Bloke.</subfield>
  </datafield>
  <datafield tag="530" ind1=" " ind2=" ">
    <subfield code="a">Also issued online.</subfield>
  </datafield>
  <datafield tag="600" ind1="1" ind2="0">
    <subfield code="a">Solovʹev, S. M.</subfield>
    <subfield code="q">(Sergeĭ Mikhaĭlovich),</subfield>
    <subfield code="d">1885-1942.</subfield>
  </datafield>
  <datafield tag="600" ind1="1" ind2="0">
    <subfield code="a">Blok, Aleksandr Aleksandrovich,</subfield>
    <subfield code="d">1880-1921.</subfield>
  </datafield>
  <datafield tag="651" ind1=" " ind2="0">
    <subfield code="a">Russia</subfield>
    <subfield code="x">Intellectual life</subfield>
    <subfield code="y">1801-1917.</subfield>
  </datafield>
  <datafield tag="700" ind1="1" ind2=" ">
    <subfield code="a">Misochnik, S. M.</subfield>
  </datafield>
  <datafield tag="700" ind1="1" ind2=" ">
    <subfield code="a">Nekhotin, V. V.</subfield>
  </datafield>
  <datafield tag="700" ind1="1" ind2=" ">
    <subfield code="a">Lavrov, A. V.</subfield>
  </datafield>
  <datafield tag="776" ind1="0" ind2="8">
    <subfield code="i">Online version:</subfield>
    <subfield code="a">Solovʹev, S. M. (Sergeĭ Mikhaĭlovich), 1885-1942.</subfield>
    <subfield code="t">Vospominanii͡a</subfield>
    <subfield code="d">Moskva : Novoe literaturnoe obozrenie, c2003</subfield>
    <subfield code="w">(OCoLC)645845896</subfield>
  </datafield>
  <datafield tag="830" ind1=" " ind2="0">
    <subfield code="a">Rossii͡a v memuarakh.</subfield>
  </datafield>
  <datafield tag="994" ind1=" " ind2=" ">
    <subfield code="a">C0</subfield>
    <subfield code="b">DGW</subfield>
  </datafield>
  <datafield tag="996" ind1=" " ind2=" ">
    <subfield code="a">New title added 2012-04-20</subfield>
  </datafield>
  <datafield tag="998" ind1=" " ind2=" ">
    <subfield code="c">CCE1 ; gwyoffe 2012-04-20 ; GIFT ; None of the above     ;</subfield>
  </datafield>
</record>