<record xmlns="http://www.loc.gov/MARC21/slim">
  <leader>00829cam a2200253Ia 4500</leader>
  <controlfield tag="001">11119786</controlfield>
  <controlfield tag="005">20120329155732.0</controlfield>
  <controlfield tag="008">110512s2011    ru            000 1 rus c</controlfield>
  <datafield tag="035" ind1=" " ind2=" ">
    <subfield code="a">(OCoLC)ocn722900073</subfield>
  </datafield>
  <datafield tag="040" ind1=" " ind2=" ">
    <subfield code="a">WTU</subfield>
    <subfield code="c">WTU</subfield>
    <subfield code="d">DGW</subfield>
  </datafield>
  <datafield tag="020" ind1=" " ind2=" ">
    <subfield code="a">9785837005527</subfield>
  </datafield>
  <datafield tag="020" ind1=" " ind2=" ">
    <subfield code="a">5837005528</subfield>
  </datafield>
  <datafield tag="035" ind1=" " ind2=" ">
    <subfield code="a">(OCoLC)722900073</subfield>
  </datafield>
  <datafield tag="050" ind1=" " ind2="4">
    <subfield code="a">PG3478.K69</subfield>
    <subfield code="b">V74 2011</subfield>
  </datafield>
  <datafield tag="049" ind1=" " ind2=" ">
    <subfield code="a">DGWW</subfield>
  </datafield>
  <datafield tag="100" ind1="1" ind2=" ">
    <subfield code="a">Aksenov, Vasiliĭ.</subfield>
  </datafield>
  <datafield tag="245" ind1="1" ind2="0">
    <subfield code="a">Vremi͡a nolʹ /</subfield>
    <subfield code="c">Vasiliĭ Aksenov.</subfield>
  </datafield>
  <datafield tag="260" ind1=" " ind2=" ">
    <subfield code="a">Sankt-Peterburg :</subfield>
    <subfield code="b">Limbus-Press,</subfield>
    <subfield code="c">2011.</subfield>
  </datafield>
  <datafield tag="300" ind1=" " ind2=" ">
    <subfield code="a">476 p. ;</subfield>
    <subfield code="c">21 cm.</subfield>
  </datafield>
  <datafield tag="500" ind1=" " ind2=" ">
    <subfield code="a">Novellas.</subfield>
  </datafield>
  <datafield tag="505" ind1="0" ind2=" ">
    <subfield code="a">Vremi͡a nolʹ -- Odinochestvo : (pʹesa v trëkh aktakh, pochti bez deĭstviĭ, sobytii͡a vi͡alotekushchie i malovazhnye) -- Takha : (zarisovka v polutonakh).</subfield>
  </datafield>
  <datafield tag="994" ind1=" " ind2=" ">
    <subfield code="a">C0</subfield>
    <subfield code="b">DGW</subfield>
  </datafield>
  <datafield tag="996" ind1=" " ind2=" ">
    <subfield code="a">New title added 2012-03-29</subfield>
  </datafield>
  <datafield tag="998" ind1=" " ind2=" ">
    <subfield code="c">CCE2 ; gwyoffe 2012-03-29</subfield>
  </datafield>
</record>