<record xmlns="http://www.loc.gov/MARC21/slim">
  <leader>01421cam a2200325Ia 4500</leader>
  <controlfield tag="001">11501389</controlfield>
  <controlfield tag="005">20120425155007.0</controlfield>
  <controlfield tag="008">120217s2012    ru            011 0brusod</controlfield>
  <datafield tag="035" ind1=" " ind2=" ">
    <subfield code="a">(OCoLC)ocn778929883</subfield>
  </datafield>
  <datafield tag="040" ind1=" " ind2=" ">
    <subfield code="a">B@L</subfield>
    <subfield code="c">B@L</subfield>
    <subfield code="d">GO4</subfield>
    <subfield code="d">EVIEW</subfield>
    <subfield code="d">DGW</subfield>
  </datafield>
  <datafield tag="066" ind1=" " ind2=" ">
    <subfield code="c">(N</subfield>
  </datafield>
  <datafield tag="020" ind1=" " ind2=" ">
    <subfield code="a">9785743901548</subfield>
  </datafield>
  <datafield tag="020" ind1=" " ind2=" ">
    <subfield code="a">5743901546</subfield>
  </datafield>
  <datafield tag="035" ind1=" " ind2=" ">
    <subfield code="a">(OCoLC)778929883</subfield>
  </datafield>
  <datafield tag="049" ind1=" " ind2=" ">
    <subfield code="a">DGWW</subfield>
  </datafield>
  <datafield tag="090" ind1=" " ind2=" ">
    <subfield code="a">PG3479.6.O85</subfield>
    <subfield code="b">S47 2012</subfield>
  </datafield>
  <datafield tag="245" ind1="1" ind2="0">
    <subfield code="a">Sergeĭ Dovlatov :</subfield>
    <subfield code="b">lit͡so, slovesnostʹ, ėpokha : [sbornik stateĭ /</subfield>
    <subfield code="c">sostavitelʹ i redaktor, A.I͡U. Arʹev].</subfield>
  </datafield>
  <datafield tag="260" ind1=" " ind2=" ">
    <subfield code="a">Sankt-Peterburg :</subfield>
    <subfield code="b">Zhurnal "Zvezda",</subfield>
    <subfield code="c">2012.</subfield>
  </datafield>
  <datafield tag="300" ind1=" " ind2=" ">
    <subfield code="a">253 p. ;</subfield>
    <subfield code="c">22 cm.</subfield>
  </datafield>
  <datafield tag="500" ind1=" " ind2=" ">
    <subfield code="a">"Itogi Vtoroĭ mezhdunarodnoĭ konferent͡sii 'Dovlatovskie chtenii͡a'".</subfield>
  </datafield>
  <datafield tag="500" ind1=" " ind2=" ">
    <subfield code="a">Includes index.</subfield>
  </datafield>
  <datafield tag="520" ind1=" " ind2=" ">
    <subfield code="a">The book "Sergei Dovlatov : person, literature, time" is a collection of materials and publications presented at the second international conference called "Reading Dovlatov". Contains twenty-five authentic articles prepared by twenty-eight authors dedicated to Dovlatov, his work and his role in contemporary literature.</subfield>
  </datafield>
  <datafield tag="600" ind1="1" ind2="0">
    <subfield code="a">Dovlatov, Sergeĭ.</subfield>
  </datafield>
  <datafield tag="600" ind1="1" ind2="0">
    <subfield code="a">Dovlatov, Sergeĭ</subfield>
    <subfield code="x">Criticism and interpretation.</subfield>
  </datafield>
  <datafield tag="650" ind1=" " ind2="0">
    <subfield code="a">Authors, Russian</subfield>
    <subfield code="y">20th century</subfield>
    <subfield code="v">Biography.</subfield>
  </datafield>
  <datafield tag="655" ind1=" " ind2="0">
    <subfield code="a">Festschriften.</subfield>
  </datafield>
  <datafield tag="700" ind1="1" ind2=" ">
    <subfield code="a">Arʹev, Andreĭ.</subfield>
  </datafield>
  <datafield tag="994" ind1=" " ind2=" ">
    <subfield code="a">C0</subfield>
    <subfield code="b">DGW</subfield>
  </datafield>
  <datafield tag="996" ind1=" " ind2=" ">
    <subfield code="a">New title added 2012-04-25</subfield>
  </datafield>
  <datafield tag="998" ind1=" " ind2=" ">
    <subfield code="c">CCE2 ; gwyoffe 2012-04-25 ; GIFT ; None of the above     ;</subfield>
  </datafield>
</record>