<record xmlns="http://www.loc.gov/MARC21/slim">
  <leader>00797cam a2200241Ia 4500</leader>
  <controlfield tag="001">11120833</controlfield>
  <controlfield tag="005">20120405173141.0</controlfield>
  <controlfield tag="008">120125s2010    ru            000 0 rusod</controlfield>
  <datafield tag="035" ind1=" " ind2=" ">
    <subfield code="a">(OCoLC)ocn607531473</subfield>
  </datafield>
  <datafield tag="040" ind1=" " ind2=" ">
    <subfield code="a">BKL</subfield>
    <subfield code="c">BKL</subfield>
    <subfield code="d">UEICP</subfield>
    <subfield code="d">DGW</subfield>
  </datafield>
  <datafield tag="020" ind1=" " ind2=" ">
    <subfield code="a">9785998508455 :</subfield>
    <subfield code="c">$9.70</subfield>
  </datafield>
  <datafield tag="020" ind1=" " ind2=" ">
    <subfield code="a">5998508459 :</subfield>
    <subfield code="c">$9.70</subfield>
  </datafield>
  <datafield tag="035" ind1=" " ind2=" ">
    <subfield code="a">(OCoLC)607531473</subfield>
  </datafield>
  <datafield tag="050" ind1="1" ind2="4">
    <subfield code="a">PG3479.6.O85</subfield>
    <subfield code="b">U76 2010</subfield>
  </datafield>
  <datafield tag="049" ind1=" " ind2=" ">
    <subfield code="a">DGWW</subfield>
  </datafield>
  <datafield tag="100" ind1="1" ind2=" ">
    <subfield code="a">Dovlatov, Sergeĭ.</subfield>
  </datafield>
  <datafield tag="245" ind1="1" ind2="0">
    <subfield code="a">Uroki chtenii͡a :</subfield>
    <subfield code="b">filologicheskai͡a proza /</subfield>
    <subfield code="c">Sergeĭ Dovlatov.</subfield>
  </datafield>
  <datafield tag="260" ind1=" " ind2=" ">
    <subfield code="a">Sankt-Peterburg :</subfield>
    <subfield code="b">Izd. Gruppa "Azbuka-Klassika",</subfield>
    <subfield code="c">2010.</subfield>
  </datafield>
  <datafield tag="300" ind1=" " ind2=" ">
    <subfield code="a">377 p. ;</subfield>
    <subfield code="c">21 cm.</subfield>
  </datafield>
  <datafield tag="505" ind1="2" ind2=" ">
    <subfield code="a">Zapisnye knizhki -- Filologicheskai͡a proza.</subfield>
  </datafield>
  <datafield tag="994" ind1=" " ind2=" ">
    <subfield code="a">C0</subfield>
    <subfield code="b">DGW</subfield>
  </datafield>
  <datafield tag="996" ind1=" " ind2=" ">
    <subfield code="a">New title added 2012-04-05</subfield>
  </datafield>
  <datafield tag="998" ind1=" " ind2=" ">
    <subfield code="c">CCE2 ; gwyoffe 2012-04-05 ; GIFT ; None of the above     ;</subfield>
  </datafield>
</record>