<record xmlns="http://www.loc.gov/MARC21/slim">
  <leader>01098cam a2200289Ia 4500</leader>
  <controlfield tag="001">11498768</controlfield>
  <controlfield tag="005">20120420141107.0</controlfield>
  <controlfield tag="008">061026s2006    ru            000 p rusoc</controlfield>
  <datafield tag="035" ind1=" " ind2=" ">
    <subfield code="a">(OCoLC)ocm75254790</subfield>
  </datafield>
  <datafield tag="040" ind1=" " ind2=" ">
    <subfield code="a">COO</subfield>
    <subfield code="c">COO</subfield>
    <subfield code="d">WAU</subfield>
    <subfield code="d">OCLCQ</subfield>
    <subfield code="d">DGW</subfield>
  </datafield>
  <datafield tag="020" ind1=" " ind2=" ">
    <subfield code="a">5867934519</subfield>
  </datafield>
  <datafield tag="020" ind1=" " ind2=" ">
    <subfield code="a">9785867934514</subfield>
  </datafield>
  <datafield tag="035" ind1=" " ind2=" ">
    <subfield code="a">(OCoLC)75254790</subfield>
  </datafield>
  <datafield tag="042" ind1=" " ind2=" ">
    <subfield code="a">pcc</subfield>
  </datafield>
  <datafield tag="050" ind1=" " ind2="4">
    <subfield code="a">PG3481.2.R15</subfield>
    <subfield code="b">C4 2006</subfield>
  </datafield>
  <datafield tag="049" ind1=" " ind2=" ">
    <subfield code="a">DGWW</subfield>
  </datafield>
  <datafield tag="100" ind1="1" ind2=" ">
    <subfield code="a">Gorbanevskai͡a, Natalʹi͡a.</subfield>
  </datafield>
  <datafield tag="245" ind1="1" ind2="0">
    <subfield code="a">Chaĭnai͡a roza /</subfield>
    <subfield code="c">Natalʹi͡a Gorbanevskai͡a.</subfield>
  </datafield>
  <datafield tag="260" ind1=" " ind2=" ">
    <subfield code="a">Moskva :</subfield>
    <subfield code="b">Novoe literaturnoe obozrenie,</subfield>
    <subfield code="c">2006.</subfield>
  </datafield>
  <datafield tag="300" ind1=" " ind2=" ">
    <subfield code="a">122 p. ;</subfield>
    <subfield code="c">20 cm.</subfield>
  </datafield>
  <datafield tag="490" ind1="1" ind2=" ">
    <subfield code="a">Poėzii͡a russkoĭ diaspory</subfield>
  </datafield>
  <datafield tag="776" ind1="0" ind2="8">
    <subfield code="i">Online version:</subfield>
    <subfield code="a">Gorbanevskai͡a, Natalʹi͡a</subfield>
    <subfield code="t">Chaĭnai͡a roza.</subfield>
    <subfield code="d">Moskva : Novoe literaturnoe obozrenie, 2006</subfield>
    <subfield code="w">(OCoLC)608127931</subfield>
  </datafield>
  <datafield tag="776" ind1="0" ind2="8">
    <subfield code="i">Online version:</subfield>
    <subfield code="a">Gorbanevskai͡a, Natalʹi͡a</subfield>
    <subfield code="t">Chaĭnai͡a roza.</subfield>
    <subfield code="d">Moskva : Novoe literaturnoe obozrenie, 2006</subfield>
    <subfield code="w">(OCoLC)608382556</subfield>
  </datafield>
  <datafield tag="830" ind1=" " ind2="0">
    <subfield code="a">Poėzii͡a russkoĭ diaspory.</subfield>
  </datafield>
  <datafield tag="994" ind1=" " ind2=" ">
    <subfield code="a">C0</subfield>
    <subfield code="b">DGW</subfield>
  </datafield>
  <datafield tag="996" ind1=" " ind2=" ">
    <subfield code="a">New title added 2012-04-20</subfield>
  </datafield>
  <datafield tag="998" ind1=" " ind2=" ">
    <subfield code="c">CCE1 ; gwyoffe 2012-04-20 ; GIFT ; None of the above     ;</subfield>
  </datafield>
</record>