<record xmlns="http://www.loc.gov/MARC21/slim">
  <leader>01012cam a2200289 a 4500</leader>
  <controlfield tag="001">11501434</controlfield>
  <controlfield tag="005">20120824170252.0</controlfield>
  <controlfield tag="008">040209s2003    ru            000 0 ruso </controlfield>
  <datafield tag="010" ind1=" " ind2=" ">
    <subfield code="a">  2004413850</subfield>
  </datafield>
  <datafield tag="035" ind1=" " ind2=" ">
    <subfield code="a">(OCoLC)ocm55210765</subfield>
  </datafield>
  <datafield tag="040" ind1=" " ind2=" ">
    <subfield code="a">DLC</subfield>
    <subfield code="c">DLC</subfield>
    <subfield code="d">NLGGC</subfield>
    <subfield code="d">OCLCG</subfield>
    <subfield code="d">UKMGB</subfield>
    <subfield code="d">DGW</subfield>
  </datafield>
  <datafield tag="020" ind1=" " ind2=" ">
    <subfield code="a">5867932680</subfield>
  </datafield>
  <datafield tag="020" ind1=" " ind2=" ">
    <subfield code="a">9785867932688</subfield>
  </datafield>
  <datafield tag="035" ind1=" " ind2=" ">
    <subfield code="a">(OCoLC)55210765</subfield>
  </datafield>
  <datafield tag="050" ind1="0" ind2="0">
    <subfield code="a">PG3482.8.R732</subfield>
    <subfield code="b">S65 2003</subfield>
  </datafield>
  <datafield tag="049" ind1=" " ind2=" ">
    <subfield code="a">DGWW</subfield>
  </datafield>
  <datafield tag="100" ind1="1" ind2=" ">
    <subfield code="a">Kruglov, Sergeĭ,</subfield>
    <subfield code="d">1966-</subfield>
  </datafield>
  <datafield tag="245" ind1="1" ind2="0">
    <subfield code="a">Sni͡atie zmii͡a so kresta /</subfield>
    <subfield code="c">Sergeĭ Kruglov.</subfield>
  </datafield>
  <datafield tag="260" ind1=" " ind2=" ">
    <subfield code="a">Moskva :</subfield>
    <subfield code="b">Novoe literaturnoe obozrenie,</subfield>
    <subfield code="c">2003.</subfield>
  </datafield>
  <datafield tag="300" ind1=" " ind2=" ">
    <subfield code="a">201 p. ;</subfield>
    <subfield code="c">20 cm.</subfield>
  </datafield>
  <datafield tag="490" ind1="1" ind2=" ">
    <subfield code="a">Premii͡a Andrei͡a Belogo</subfield>
  </datafield>
  <datafield tag="650" ind1=" " ind2="0">
    <subfield code="a">Modern poetry</subfield>
    <subfield code="v">Texts.</subfield>
  </datafield>
  <datafield tag="776" ind1="0" ind2="8">
    <subfield code="i">Online version:</subfield>
    <subfield code="a">Kruglov, Sergeĭ, 1966-</subfield>
    <subfield code="t">Sni͡atie zmii͡a so kresta.</subfield>
    <subfield code="d">Moskva : Novoe literaturnoe obozrenie, 2003</subfield>
    <subfield code="w">(OCoLC)607465914</subfield>
  </datafield>
  <datafield tag="830" ind1=" " ind2="0">
    <subfield code="a">Premii͡a Andrei͡a Belogo.</subfield>
  </datafield>
  <datafield tag="994" ind1=" " ind2=" ">
    <subfield code="a">C0</subfield>
    <subfield code="b">DGW</subfield>
  </datafield>
  <datafield tag="996" ind1=" " ind2=" ">
    <subfield code="a">New title added 2012-08-24</subfield>
  </datafield>
  <datafield tag="998" ind1=" " ind2=" ">
    <subfield code="c">CCE2 ; gwyoffe 2012-08-24 ; GIFT ; None of the above     ;</subfield>
  </datafield>
</record>