<record xmlns="http://www.loc.gov/MARC21/slim">
  <leader>01083cam a2200313Ia 4500</leader>
  <controlfield tag="001">11117697</controlfield>
  <controlfield tag="005">20120926134643.0</controlfield>
  <controlfield tag="008">110912s2011    ru            000 1 rusod</controlfield>
  <datafield tag="040" ind1=" " ind2=" ">
    <subfield code="a">DGW</subfield>
    <subfield code="d">DGW</subfield>
  </datafield>
  <datafield tag="020" ind1=" " ind2=" ">
    <subfield code="a">9785699362981</subfield>
  </datafield>
  <datafield tag="020" ind1=" " ind2=" ">
    <subfield code="a">5699362983</subfield>
  </datafield>
  <datafield tag="043" ind1=" " ind2=" ">
    <subfield code="a">e-ru---</subfield>
  </datafield>
  <datafield tag="090" ind1=" " ind2=" ">
    <subfield code="a">PG3483.2.R535</subfield>
    <subfield code="b">S64 2011</subfield>
  </datafield>
  <datafield tag="049" ind1=" " ind2=" ">
    <subfield code="a">DGWW</subfield>
  </datafield>
  <datafield tag="100" ind1="1" ind2=" ">
    <subfield code="a">Marinina, Aleksandra.</subfield>
  </datafield>
  <datafield tag="245" ind1="1" ind2="0">
    <subfield code="a">Smertʹ kak iskusstvo :</subfield>
    <subfield code="b">Maski :</subfield>
    <subfield code="b">Pravosudie :</subfield>
    <subfield code="b">[roman] /</subfield>
    <subfield code="c">Aleksandra Marinina.</subfield>
  </datafield>
  <datafield tag="246" ind1="3" ind2="0">
    <subfield code="a">Maski</subfield>
  </datafield>
  <datafield tag="246" ind1="3" ind2="0">
    <subfield code="a">Pravosudie</subfield>
  </datafield>
  <datafield tag="260" ind1=" " ind2=" ">
    <subfield code="a">Moskva :</subfield>
    <subfield code="b">Ėksmo,</subfield>
    <subfield code="c">c2011.</subfield>
  </datafield>
  <datafield tag="300" ind1=" " ind2=" ">
    <subfield code="a">348 p. ;</subfield>
    <subfield code="c">21 cm.</subfield>
  </datafield>
  <datafield tag="490" ind1="1" ind2=" ">
    <subfield code="a">Koroleva detektiva</subfield>
  </datafield>
  <datafield tag="505" ind1="0" ind2=" ">
    <subfield code="a">Kn. pervai͡a. Maski -- Kn. vtorai͡a. Pravosudie.</subfield>
  </datafield>
  <datafield tag="500" ind1=" " ind2=" ">
    <subfield code="a">"Delo vedet Kamenskai͡a"--Cover.</subfield>
  </datafield>
  <datafield tag="650" ind1=" " ind2="0">
    <subfield code="a">Attempted murder</subfield>
    <subfield code="z">Russia (Federation)</subfield>
    <subfield code="v">Fiction.</subfield>
  </datafield>
  <datafield tag="650" ind1=" " ind2="0">
    <subfield code="a">Criminal investigation</subfield>
    <subfield code="z">Russia (Federation)</subfield>
    <subfield code="v">Fiction.</subfield>
  </datafield>
  <datafield tag="650" ind1=" " ind2="0">
    <subfield code="a">Private investigators</subfield>
    <subfield code="z">Russia (Federation)</subfield>
    <subfield code="v">Fiction.</subfield>
  </datafield>
  <datafield tag="830" ind1=" " ind2="0">
    <subfield code="a">Koroleva detektiva (ĖKSMO-Press (Firm))</subfield>
  </datafield>
  <datafield tag="996" ind1=" " ind2=" ">
    <subfield code="a">New title added 2012-04-20</subfield>
  </datafield>
  <datafield tag="998" ind1=" " ind2=" ">
    <subfield code="c">ORIG ; gwyoffe 2012-04-20 ; GIFT ; None of the above     ;</subfield>
  </datafield>
</record>