<record xmlns="http://www.loc.gov/MARC21/slim">
  <leader>00597cam a2200205Ia 4500</leader>
  <controlfield tag="001">8570956</controlfield>
  <controlfield tag="005">20120329174523.0</controlfield>
  <controlfield tag="008">100414s2010    ru            000 f rusod</controlfield>
  <datafield tag="020" ind1=" " ind2=" ">
    <subfield code="a">9785699402915</subfield>
  </datafield>
  <datafield tag="020" ind1=" " ind2=" ">
    <subfield code="a">5699402918</subfield>
  </datafield>
  <datafield tag="090" ind1=" " ind2=" ">
    <subfield code="a">PG3485.3.U24</subfield>
    <subfield code="b">K836 2010</subfield>
  </datafield>
  <datafield tag="100" ind1="1" ind2=" ">
    <subfield code="a">Puchkov, Lev,</subfield>
    <subfield code="d">1965-</subfield>
  </datafield>
  <datafield tag="245" ind1="1" ind2="0">
    <subfield code="a">Ksenofob  /</subfield>
    <subfield code="c">Lev Puchkov.</subfield>
  </datafield>
  <datafield tag="260" ind1=" " ind2=" ">
    <subfield code="a">Moskva :</subfield>
    <subfield code="b">ĖKSMO,</subfield>
    <subfield code="c">2010.</subfield>
  </datafield>
  <datafield tag="300" ind1=" " ind2=" ">
    <subfield code="a">380 p. ;</subfield>
    <subfield code="c">20 cm.</subfield>
  </datafield>
  <datafield tag="490" ind1="1" ind2=" ">
    <subfield code="a">Nat͡sii͡a</subfield>
  </datafield>
  <datafield tag="650" ind1=" " ind2="0">
    <subfield code="a">Xenophobia</subfield>
    <subfield code="z">Russia</subfield>
    <subfield code="v">Fiction.</subfield>
  </datafield>
  <datafield tag="830" ind1=" " ind2="0">
    <subfield code="a">Nat͡sii͡a</subfield>
  </datafield>
  <datafield tag="996" ind1=" " ind2=" ">
    <subfield code="a">New title added 2012-03-29</subfield>
  </datafield>
  <datafield tag="998" ind1=" " ind2=" ">
    <subfield code="c">ORIG ; gwyoffe 2012-03-29 ; GIFT ; None of the above     ;</subfield>
  </datafield>
</record>