<record xmlns="http://www.loc.gov/MARC21/slim">
  <leader>06275com a2200757Ki 4500</leader>
  <controlfield tag="001">11587214</controlfield>
  <controlfield tag="005">20121004133804.0</controlfield>
  <controlfield tag="006">aa     b    000 0 </controlfield>
  <controlfield tag="007">sd fsuizu|uue|</controlfield>
  <controlfield tag="007">vd cvuuzu</controlfield>
  <controlfield tag="008">120430s2005    cc                bnchi d</controlfield>
  <datafield tag="035" ind1=" " ind2=" ">
    <subfield code="a">(OCoLC)ocn693953256</subfield>
  </datafield>
  <datafield tag="040" ind1=" " ind2=" ">
    <subfield code="a">DGW</subfield>
    <subfield code="b">eng</subfield>
    <subfield code="c">DGW</subfield>
    <subfield code="e">rda</subfield>
  </datafield>
  <datafield tag="035" ind1=" " ind2=" ">
    <subfield code="a">(OCoLC)693953256</subfield>
  </datafield>
  <datafield tag="041" ind1=" " ind2=" ">
    <subfield code="a">chi</subfield>
    <subfield code="a">eng</subfield>
    <subfield code="j">chi</subfield>
    <subfield code="j">eng</subfield>
    <subfield code="j">fre</subfield>
    <subfield code="j">rus</subfield>
    <subfield code="j">kor</subfield>
    <subfield code="j">jpn</subfield>
  </datafield>
  <datafield tag="049" ind1=" " ind2=" ">
    <subfield code="a">DGWW</subfield>
  </datafield>
  <datafield tag="245" ind1="0" ind2="0">
    <subfield code="6">880-01</subfield>
    <subfield code="a">Gu gong :</subfield>
    <subfield code="b">shi er ji da xing ji lu pian = The Forbidden City : twelve-episode historical documentary series /</subfield>
    <subfield code="c">Zhong yang dian shi tai, Gu gong bo wu yuan lian he she zhi.</subfield>
  </datafield>
  <datafield tag="246" ind1="3" ind2="1">
    <subfield code="a">Forbidden City :</subfield>
    <subfield code="b">twelve-episode historical documentary series</subfield>
  </datafield>
  <datafield tag="250" ind1=" " ind2=" ">
    <subfield code="6">880-02</subfield>
    <subfield code="a">Xian liang zhen cang ban.</subfield>
  </datafield>
  <datafield tag="260" ind1=" " ind2=" ">
    <subfield code="6">880-03</subfield>
    <subfield code="a">Beijing :</subfield>
    <subfield code="b">Zhongguo guo ji dian shi zong gong shi,</subfield>
    <subfield code="c">[2005?]</subfield>
  </datafield>
  <datafield tag="300" ind1=" " ind2=" ">
    <subfield code="a">1 volume (11 unnumbered pages :</subfield>
    <subfield code="b">7 DVD (694 minutes) : sound, color, digital ;  1 audio disc (35 minutes : digital, stereo) ;</subfield>
    <subfield code="c">12 cm +</subfield>
    <subfield code="e">1 booklet (103 pages : side-sewn, double leaves, color illustrations ; 29 cm) in 1 container 33 x 22 x 7 cm</subfield>
  </datafield>
  <datafield tag="336" ind1=" " ind2=" ">
    <subfield code="a">two-dimensional moving image</subfield>
    <subfield code="2">rdacontent</subfield>
  </datafield>
  <datafield tag="336" ind1=" " ind2=" ">
    <subfield code="a">text</subfield>
    <subfield code="2">rdacontent</subfield>
  </datafield>
  <datafield tag="336" ind1=" " ind2=" ">
    <subfield code="a">sounds</subfield>
    <subfield code="b">snd</subfield>
    <subfield code="2">rdacontent</subfield>
  </datafield>
  <datafield tag="337" ind1=" " ind2=" ">
    <subfield code="a">video</subfield>
    <subfield code="2">rdamedia</subfield>
  </datafield>
  <datafield tag="337" ind1=" " ind2=" ">
    <subfield code="a">unmediated</subfield>
    <subfield code="b">n</subfield>
    <subfield code="2">rdamedia</subfield>
  </datafield>
  <datafield tag="337" ind1=" " ind2=" ">
    <subfield code="a">audio</subfield>
    <subfield code="b">s</subfield>
    <subfield code="2">rdamedia</subfield>
  </datafield>
  <datafield tag="338" ind1=" " ind2=" ">
    <subfield code="a">videodisc</subfield>
    <subfield code="2">rdacarrier</subfield>
  </datafield>
  <datafield tag="338" ind1=" " ind2=" ">
    <subfield code="a">audio disc</subfield>
    <subfield code="b">sd</subfield>
    <subfield code="2">rdacarrier</subfield>
  </datafield>
  <datafield tag="338" ind1=" " ind2=" ">
    <subfield code="a">volume</subfield>
    <subfield code="b">nc</subfield>
    <subfield code="2">rdacarrier</subfield>
  </datafield>
  <datafield tag="500" ind1=" " ind2=" ">
    <subfield code="a">"Limited collection album."--</subfield>
  </datafield>
  <datafield tag="500" ind1=" " ind2=" ">
    <subfield code="a">Oriental style binding.</subfield>
  </datafield>
  <datafield tag="505" ind1="0" ind2=" ">
    <subfield code="6">880-04</subfield>
    <subfield code="a">DVD 1. Di yi ji. Zhao jian Zijincheng = Episode 1. Initiation of the Forbidden City -- Di er ji. Sheng shi de wu ji = Episode 2. The pinnacle of the flourishing age -- DVD 2. Di shan ji. Li yi tian xia = Episode 3. Governing the country by rites -- Di si ji. Zhi dian jiang shan = Episode 4. Administration of State Affairs -- DVD 3. Di wu ji. Jia guo zhi jian = Episode 5. Between the state and family -- Di liu ji. Gu gong can ci = Episode 6. Porcelains in the Forbidden City -- DVD 4. Di qi ji. Gu gong shu hua = Episode 7. Paintings and calligraphic works -- Di ba ji. Gu gong can yu = Episode 8. Jade objects in the Forbidden City -- DVD 5. Di jiu ji. Gong ting xi yang feng = Episode 9. Western fever in the palace museum --  Di shi ji. Cong huang gong  dao bo wu yuan = Episode 10. From a imperial palace to a palace museum -- DVD 6. Di shi yi ji. Guo bao da liu qian = Episode 11. The shifting and loss of national treasures -- Di shi er ji. Yong yuan de Gu gong = Episode 12. The everlasting Forbidden City.</subfield>
  </datafield>
  <datafield tag="500" ind1=" " ind2=" ">
    <subfield code="a">"ISRC CN-A03-05-388-00/V'.K"</subfield>
  </datafield>
  <datafield tag="505" ind1="0" ind2=" ">
    <subfield code="6">880-04</subfield>
    <subfield code="a">Di yi ji. Zhao jian zi jin cheng -- Di er ji. Sheng shi de wu ji -- Di san ji. Li yi tian xia -- Di si ji. Zhi dian jiang shan -- Di wu ji. Jia guo zhi jian -- Di liu ji. Gu gong cang ci -- Di qi ji. Gu gong shu hua -- Di ba ji. Gu gong cang yu -- Di jiu ji. Gong ting xi yang feng -- Di shi ji. Cong huang gong dao bo wu guan -- Di shi yi ji. Guo bao da liu qian -- Di shi er ji. Yong yuan de gu gong.</subfield>
  </datafield>
  <datafield tag="546" ind1=" " ind2=" ">
    <subfield code="a">In Mandarin and English with optional subtitles of Chinese, English, Japanese, Korean, French and Russian.</subfield>
  </datafield>
  <datafield tag="588" ind1=" " ind2=" ">
    <subfield code="a">Container title.</subfield>
  </datafield>
  <datafield tag="508" ind1=" " ind2=" ">
    <subfield code="6">880-05</subfield>
    <subfield code="a">Zong gu wen : Sun Jiazheng ; chu pin ren : Zhao Huayong, Zheng Xinmiao ; zong bian dao : Zhou Bing, Xu Huan ; zuo qu : Su Cong, Tang, Jianping, Zhang Guangtian.</subfield>
  </datafield>
  <datafield tag="700" ind1="1" ind2=" ">
    <subfield code="6">880-06</subfield>
    <subfield code="a">Sun, Jiazheng,</subfield>
    <subfield code="e">consultant.</subfield>
  </datafield>
  <datafield tag="700" ind1="1" ind2=" ">
    <subfield code="6">880-07</subfield>
    <subfield code="a">Zhao, Huayong,</subfield>
    <subfield code="e">producer.</subfield>
  </datafield>
  <datafield tag="700" ind1="1" ind2=" ">
    <subfield code="6">880-08</subfield>
    <subfield code="a">Zheng, Xinmiao,</subfield>
    <subfield code="e">producer.</subfield>
  </datafield>
  <datafield tag="700" ind1="1" ind2=" ">
    <subfield code="6">880-09</subfield>
    <subfield code="a">Zhou, Bing,</subfield>
    <subfield code="e">editor.</subfield>
  </datafield>
  <datafield tag="700" ind1="1" ind2=" ">
    <subfield code="6">880-10</subfield>
    <subfield code="a">Xu, Huan,</subfield>
    <subfield code="e">editor.</subfield>
  </datafield>
  <datafield tag="700" ind1="1" ind2=" ">
    <subfield code="6">880-11</subfield>
    <subfield code="a">Su, Cong,</subfield>
    <subfield code="e">composer.</subfield>
  </datafield>
  <datafield tag="700" ind1="1" ind2=" ">
    <subfield code="6">880-12</subfield>
    <subfield code="a">Tang, Jianping,</subfield>
    <subfield code="e">composer.</subfield>
  </datafield>
  <datafield tag="700" ind1="1" ind2=" ">
    <subfield code="6">880-13</subfield>
    <subfield code="a">Zhang, Guangtian,</subfield>
    <subfield code="e">composer.</subfield>
  </datafield>
  <datafield tag="710" ind1="2" ind2=" ">
    <subfield code="6">880-14</subfield>
    <subfield code="a">Zhong yang dian shi tai (Beijing, China),</subfield>
    <subfield code="e">issuing body.</subfield>
  </datafield>
  <datafield tag="710" ind1="2" ind2=" ">
    <subfield code="6">880-15</subfield>
    <subfield code="a">Gu gong bo wu yuan (China),</subfield>
    <subfield code="e">issuing body.</subfield>
  </datafield>
  <datafield tag="880" ind1="0" ind2="0">
    <subfield code="6">245-01</subfield>
    <subfield code="a">故宮 :</subfield>
    <subfield code="b">十二集大型纪录片 = The Forbidden City : twelve-episode historical documentary series /</subfield>
    <subfield code="c">中央电视台, 故宮博物院联合摄制.</subfield>
  </datafield>
  <datafield tag="880" ind1=" " ind2=" ">
    <subfield code="6">250-02</subfield>
    <subfield code="a">限量珍藏版.</subfield>
  </datafield>
  <datafield tag="880" ind1=" " ind2=" ">
    <subfield code="6">260-03</subfield>
    <subfield code="a">北京 :</subfield>
    <subfield code="b">中国国际电视总公司,</subfield>
    <subfield code="c">[2005?]</subfield>
  </datafield>
  <datafield tag="880" ind1="0" ind2=" ">
    <subfield code="6">505-04</subfield>
    <subfield code="a">DVD 1. 第一集. 肇建紫禁城 = Episode 1. Initiation of the Forbidden City -- 第二集. 盛世的屋脊 = Episode 2. The pinnacle of the flourishing age -- DVD 2. 第三集. 礼仪天下 = Episode 3. Governing the country by rites -- 第四集. 指点江山 = Episode 4. Administration of State Affairs -- DVD 3. 第五集. 家国之间 = Episode 5. Between the state and family -- 第六集. 故宮藏瓷 = Episode 6. Porcelains in the Forbidden City -- DVD 4. 第七集. 故宮书画 = Episode 7. Paintings and calligraphic works -- 第八集. 故宮藏玉 = Episode 8. Jade objects in the Forbidden City -- DVD 5. 第九集. 宮廷西洋风 = Episode 9. Western fever in the palace museum -- 第十集. 从皇宮到博物院 = Episode 10. From a imperial palace to a palace museum -- DVD 6. 第十一集. 国宝大流迁 = Episode 11. The shifting and loss of national treasures -- 第十二集. 永远的故宮 = Episode 12. The everlasting Forbidden City.</subfield>
  </datafield>
  <datafield tag="880" ind1=" " ind2=" ">
    <subfield code="6">508-05</subfield>
    <subfield code="a">总顾问 : 孙家正 ; 出品人 : 赵化勇, 郑欣淼 ; 总编导 : 周兵, 徐欢 ; 作曲 : 苏聪, 唐建平, 张广天.</subfield>
  </datafield>
  <datafield tag="880" ind1="1" ind2=" ">
    <subfield code="6">700-06</subfield>
    <subfield code="a">孙家正,</subfield>
    <subfield code="e">consultant.</subfield>
  </datafield>
  <datafield tag="880" ind1="1" ind2=" ">
    <subfield code="6">700-07</subfield>
    <subfield code="a">赵化勇,</subfield>
    <subfield code="e">producer.</subfield>
  </datafield>
  <datafield tag="880" ind1="1" ind2=" ">
    <subfield code="6">700-08</subfield>
    <subfield code="a">郑欣淼,</subfield>
    <subfield code="e">producer.</subfield>
  </datafield>
  <datafield tag="880" ind1="1" ind2=" ">
    <subfield code="6">700-09</subfield>
    <subfield code="a">周兵,</subfield>
    <subfield code="e">editor.</subfield>
  </datafield>
  <datafield tag="880" ind1="1" ind2=" ">
    <subfield code="6">700-10</subfield>
    <subfield code="a">徐欢,</subfield>
    <subfield code="e">editor.</subfield>
  </datafield>
  <datafield tag="880" ind1="1" ind2=" ">
    <subfield code="6">700-11</subfield>
    <subfield code="a">苏聪,</subfield>
    <subfield code="e">composer.</subfield>
  </datafield>
  <datafield tag="880" ind1="1" ind2=" ">
    <subfield code="6">700-12</subfield>
    <subfield code="a">唐建平,</subfield>
    <subfield code="e">composer.</subfield>
  </datafield>
  <datafield tag="880" ind1="1" ind2=" ">
    <subfield code="6">700-13</subfield>
    <subfield code="a">张广天,</subfield>
    <subfield code="e">composer.</subfield>
  </datafield>
  <datafield tag="880" ind1="2" ind2=" ">
    <subfield code="6">710-14</subfield>
    <subfield code="a">中央电视台(Beijing, China),</subfield>
    <subfield code="e">issuing body.</subfield>
  </datafield>
  <datafield tag="880" ind1="2" ind2=" ">
    <subfield code="6">710-15</subfield>
    <subfield code="a">故宮博物院 (China),</subfield>
    <subfield code="e">issuing body.</subfield>
  </datafield>
  <datafield tag="994" ind1=" " ind2=" ">
    <subfield code="a">C0</subfield>
    <subfield code="b">DGW</subfield>
  </datafield>
  <datafield tag="996" ind1=" " ind2=" ">
    <subfield code="a">New title added 2012-10-01</subfield>
  </datafield>
  <datafield tag="998" ind1=" " ind2=" ">
    <subfield code="c">CC ; gwzhong 2012-10-01 ; GIFT ; None of the above     ;</subfield>
  </datafield>
</record>