<record xmlns="http://www.loc.gov/MARC21/slim">
  <leader>01281cam a2200289K  4500</leader>
  <controlfield tag="001">2967256</controlfield>
  <controlfield tag="005">20121003163642.0</controlfield>
  <controlfield tag="008">970904s1910    enkb          000 0 eng d</controlfield>
  <datafield tag="035" ind1=" " ind2=" ">
    <subfield code="a">(OCoLC)10522043</subfield>
  </datafield>
  <datafield tag="035" ind1=" " ind2=" ">
    <subfield code="a">2967256</subfield>
  </datafield>
  <datafield tag="040" ind1=" " ind2=" ">
    <subfield code="a">CLA</subfield>
    <subfield code="c">CLA</subfield>
    <subfield code="d">DGW</subfield>
  </datafield>
  <datafield tag="090" ind1=" " ind2=" ">
    <subfield code="a">DS107</subfield>
    <subfield code="b">.S6 1910</subfield>
  </datafield>
  <datafield tag="049" ind1=" " ind2=" ">
    <subfield code="a">DGWW</subfield>
  </datafield>
  <datafield tag="100" ind1="1" ind2=" ">
    <subfield code="a">Smith, George Adam,</subfield>
    <subfield code="c">Sir,</subfield>
    <subfield code="d">1856-1942.</subfield>
  </datafield>
  <datafield tag="245" ind1="1" ind2="4">
    <subfield code="a">The historical geography of the Holy Land,</subfield>
    <subfield code="b">especially in relation to the history of Israel and of the early church,</subfield>
    <subfield code="c">by George Adam Smith. With six maps.</subfield>
  </datafield>
  <datafield tag="250" ind1=" " ind2=" ">
    <subfield code="a">16th ed.</subfield>
  </datafield>
  <datafield tag="260" ind1=" " ind2=" ">
    <subfield code="a">London,</subfield>
    <subfield code="b">Hodder and Stoughton,</subfield>
    <subfield code="c">1910.</subfield>
  </datafield>
  <datafield tag="300" ind1=" " ind2=" ">
    <subfield code="a">xxvii, 713, [1] p.</subfield>
    <subfield code="b">VI maps (part fold., incl. front.)</subfield>
    <subfield code="c">23 cm.</subfield>
  </datafield>
  <datafield tag="500" ind1=" " ind2=" ">
    <subfield code="a">One of the maps in pocket and one in the text.</subfield>
  </datafield>
  <datafield tag="500" ind1=" " ind2=" ">
    <subfield code="a">Presented by the Dr. Ari Kiev family to the I. Edward Kiev Judaica Collection.</subfield>
  </datafield>
  <datafield tag="530" ind1=" " ind2=" ">
    <subfield code="a">Also available online via GWU Cultural Imaginings Digitization Project (funded by the Institute for Museum and Library Services (IMLS))</subfield>
  </datafield>
  <datafield tag="500" ind1=" " ind2=" ">
    <subfield code="a">"Appendix IV, Bibliography of Eastern Palestine": p. 665-667.</subfield>
  </datafield>
  <datafield tag="710" ind1="2" ind2=" ">
    <subfield code="a">I. Edward Kiev Judaica Collection.</subfield>
  </datafield>
  <datafield tag="948" ind1=" " ind2=" ">
    <subfield code="a">Kirtas</subfield>
    <subfield code="p">32882013064590</subfield>
  </datafield>
  <datafield tag="998" ind1=" " ind2=" ">
    <subfield code="c">Kirtas ; gwberrett 2011-06-09</subfield>
  </datafield>
  <datafield tag="996" ind1=" " ind2=" ">
    <subfield code="a">Add copy, elec ver ; 2012-06-20</subfield>
  </datafield>
  <datafield tag="998" ind1=" " ind2=" ">
    <subfield code="c">dSpace AWK url added ; gwjshieh 2012-06-20</subfield>
  </datafield>
</record>