<record xmlns="http://www.loc.gov/MARC21/slim">
  <leader>02064cam a2200397I  4500</leader>
  <controlfield tag="001">3155021</controlfield>
  <controlfield tag="005">20121003163642.0</controlfield>
  <controlfield tag="008">981015s1880    fr       b    000 0 fre d</controlfield>
  <datafield tag="035" ind1=" " ind2=" ">
    <subfield code="a">(OCoLC)39759644</subfield>
  </datafield>
  <datafield tag="035" ind1=" " ind2=" ">
    <subfield code="a">3155021</subfield>
  </datafield>
  <datafield tag="040" ind1=" " ind2=" ">
    <subfield code="a">NYP</subfield>
    <subfield code="c">NYP</subfield>
    <subfield code="d">DGW</subfield>
  </datafield>
  <datafield tag="041" ind1="0" ind2=" ">
    <subfield code="a">fre</subfield>
    <subfield code="h">ara</subfield>
  </datafield>
  <datafield tag="090" ind1=" " ind2=" ">
    <subfield code="a">PJ4557</subfield>
    <subfield code="b">.J36 1880</subfield>
  </datafield>
  <datafield tag="049" ind1=" " ind2=" ">
    <subfield code="a">DGWW</subfield>
  </datafield>
  <datafield tag="100" ind1="2" ind2=" ">
    <subfield code="a">Ibn Janāḥ, Abū al-Walīd Marwān,</subfield>
    <subfield code="d">ca. 990-ca. 1050.</subfield>
  </datafield>
  <datafield tag="245" ind1="1" ind2="0">
    <subfield code="a">Opuscules et traités d'Abou 'l-Walid Merwan Ibn Djanah de Cordoue;</subfield>
    <subfield code="b">texte arabe, publié avec une traduction française /</subfield>
    <subfield code="c">par Joseph Derenbourg et Hartwig Derenbourg.</subfield>
  </datafield>
  <datafield tag="260" ind1=" " ind2=" ">
    <subfield code="a">Paris,</subfield>
    <subfield code="b">Imprimerie nationale,</subfield>
    <subfield code="c">1880.</subfield>
  </datafield>
  <datafield tag="300" ind1=" " ind2=" ">
    <subfield code="a">cxxiv, 400 p. ;</subfield>
    <subfield code="c">25 CM.</subfield>
  </datafield>
  <datafield tag="500" ind1=" " ind2=" ">
    <subfield code="a">The influence of Judah b. David Hayyuj and Samuel ha-Nagid on the works of the author is discussed in the Introduction.</subfield>
  </datafield>
  <datafield tag="504" ind1=" " ind2=" ">
    <subfield code="a">Includes Bibliographical references.</subfield>
  </datafield>
  <datafield tag="500" ind1=" " ind2=" ">
    <subfield code="a">One copy presented by the Dr. Ari Kiev family to the I. Edward Kiev Judaica Collection.</subfield>
  </datafield>
  <datafield tag="530" ind1=" " ind2=" ">
    <subfield code="a">Also available online via GWU Cultural Imaginings Digitization Project (funded by the Institute for Museum and Library Services (IMLS))</subfield>
  </datafield>
  <datafield tag="500" ind1=" " ind2=" ">
    <subfield code="a">One copy of this book is from the rare book collection originally held in the George Camp Keiser Library of the Middle East Institute (MEI), Washington DC. This collection, acquired in 2008 by the Gelman Library of The George Washington University, now forms part of the Special Collections Research Center.</subfield>
  </datafield>
  <datafield tag="600" ind1="1" ind2="0">
    <subfield code="a">Ḥayyuj, Judah ben David,</subfield>
    <subfield code="d">ca. 945-ca.</subfield>
  </datafield>
  <datafield tag="600" ind1="2" ind2="0">
    <subfield code="a">Samuel,</subfield>
    <subfield code="c">ha-Nagid,</subfield>
    <subfield code="d">993-1056.</subfield>
  </datafield>
  <datafield tag="650" ind1=" " ind2="0">
    <subfield code="a">Hebrew language</subfield>
    <subfield code="x">Grammar.</subfield>
  </datafield>
  <datafield tag="650" ind1=" " ind2="0">
    <subfield code="a">Hebrew language</subfield>
    <subfield code="x">Lexicography.</subfield>
  </datafield>
  <datafield tag="700" ind1="1" ind2=" ">
    <subfield code="a">Derenbourg, Joseph,</subfield>
    <subfield code="d">1811-1895,</subfield>
    <subfield code="e">translator.</subfield>
  </datafield>
  <datafield tag="700" ind1="1" ind2=" ">
    <subfield code="a">Derenbourg, Hartwig,</subfield>
    <subfield code="d">1844-1908,</subfield>
    <subfield code="e">jt. translator.</subfield>
  </datafield>
  <datafield tag="710" ind1="2" ind2=" ">
    <subfield code="a">I. Edward Kiev Judaica Collection.</subfield>
  </datafield>
  <datafield tag="948" ind1=" " ind2=" ">
    <subfield code="a">Kirtas</subfield>
    <subfield code="p">32882019307571</subfield>
  </datafield>
  <datafield tag="948" ind1=" " ind2=" ">
    <subfield code="a">Kirtas</subfield>
    <subfield code="p">32882013614998 (Kiev)</subfield>
  </datafield>
  <datafield tag="998" ind1=" " ind2=" ">
    <subfield code="c">Kirtas ; gwjshieh 2010-03-17</subfield>
  </datafield>
  <datafield tag="998" ind1=" " ind2=" ">
    <subfield code="c">Kirtas ; gwberrett 2011-08-02</subfield>
  </datafield>
  <datafield tag="996" ind1=" " ind2=" ">
    <subfield code="a">Add copy, elec ver ; 2012-06-20</subfield>
  </datafield>
  <datafield tag="998" ind1=" " ind2=" ">
    <subfield code="c">dSpace AWK url added ; gwjshieh 2012-06-20</subfield>
  </datafield>
</record>