<record xmlns="http://www.loc.gov/MARC21/slim">
  <leader>02044cas a2200445Ia 4500</leader>
  <controlfield tag="001">6239027</controlfield>
  <controlfield tag="005">20121003164140.0</controlfield>
  <controlfield tag="008">920821d18771878is mr         0    0hebrd</controlfield>
  <datafield tag="035" ind1=" " ind2=" ">
    <subfield code="a">(OCoLC)ocm26467981</subfield>
  </datafield>
  <datafield tag="040" ind1=" " ind2=" ">
    <subfield code="a">OSU</subfield>
    <subfield code="c">OSU</subfield>
    <subfield code="d">OCL</subfield>
    <subfield code="d">OCLCQ</subfield>
    <subfield code="d">DGW</subfield>
  </datafield>
  <datafield tag="035" ind1=" " ind2=" ">
    <subfield code="a">(OCoLC)26467981</subfield>
  </datafield>
  <datafield tag="043" ind1=" " ind2=" ">
    <subfield code="a">e-gx---</subfield>
  </datafield>
  <datafield tag="090" ind1=" " ind2=" ">
    <subfield code="a">HD6305.J3</subfield>
    <subfield code="b">A74 1967</subfield>
  </datafield>
  <datafield tag="049" ind1=" " ind2=" ">
    <subfield code="a">DGWW</subfield>
  </datafield>
  <datafield tag="245" ind1="0" ind2="0">
    <subfield code="a">Asefat ḥakhamim.</subfield>
  </datafield>
  <datafield tag="246" ind1="1" ind2="3">
    <subfield code="a">Weise Versammlung</subfield>
  </datafield>
  <datafield tag="260" ind1=" " ind2=" ">
    <subfield code="a">Yerushalayim :</subfield>
    <subfield code="b">ha-Universiṭah ha-ʻIvrit, ha-Ḥug le-hisṭoryah shel ʻam Yiśra&amp;#x02bc;el ṿeha-Mifʻal le-ḥeḳer tenuʻat ha-poʻalim ha-Yehudit,</subfield>
    <subfield code="c">727 [1967]</subfield>
  </datafield>
  <datafield tag="300" ind1=" " ind2=" ">
    <subfield code="a">136 p. ;</subfield>
    <subfield code="c">24 cm.</subfield>
  </datafield>
  <datafield tag="362" ind1="0" ind2=" ">
    <subfield code="a">No. 1 (Tishre 638 [1877])-No. 8 (Iyar 638 [1878]).</subfield>
  </datafield>
  <datafield tag="490" ind1="1" ind2=" ">
    <subfield code="a">Ḳunṭresim le-talmidim. Meḳorot u-meḥḳarim. Sidrah 2</subfield>
  </datafield>
  <datafield tag="500" ind1=" " ind2=" ">
    <subfield code="a">Presented by the Dr. Ari Kiev family to the I. Edward Kiev Judaica Collection.</subfield>
  </datafield>
  <datafield tag="530" ind1=" " ind2=" ">
    <subfield code="a">Also available online via GWU Cultural Imaginings Digitization Project (funded by the Institute for Museum and Library Services (IMLS))</subfield>
  </datafield>
  <datafield tag="580" ind1=" " ind2=" ">
    <subfield code="a">Originally published: Königsberg : M.L. Rodkinssohn, 1877-1878.</subfield>
  </datafield>
  <datafield tag="650" ind1=" " ind2="0">
    <subfield code="a">Jews</subfield>
    <subfield code="x">Employment</subfield>
    <subfield code="z">Germany</subfield>
    <subfield code="v">Periodicals.</subfield>
  </datafield>
  <datafield tag="650" ind1=" " ind2="0">
    <subfield code="a">Press, Socialist</subfield>
    <subfield code="z">Germany.</subfield>
  </datafield>
  <datafield tag="650" ind1=" " ind2="0">
    <subfield code="a">Socialism and Judaism.</subfield>
  </datafield>
  <datafield tag="650" ind1=" " ind2="0">
    <subfield code="a">Jews</subfield>
    <subfield code="z">Germany</subfield>
    <subfield code="x">History</subfield>
    <subfield code="y">1800-1933.</subfield>
  </datafield>
  <datafield tag="700" ind1="1" ind2=" ">
    <subfield code="a">Rodkinson, Michael Levi,</subfield>
    <subfield code="d">1845-1904.</subfield>
  </datafield>
  <datafield tag="710" ind1="2" ind2=" ">
    <subfield code="a">I. Edward Kiev Judaica Collection.</subfield>
  </datafield>
  <datafield tag="775" ind1="1" ind2=" ">
    <subfield code="t">Asefat ḥakhamim</subfield>
  </datafield>
  <datafield tag="830" ind1=" " ind2="0">
    <subfield code="a">Ḳunṭresim-meḳorot u-meḥḳarim.</subfield>
    <subfield code="n">Sidrah 2.</subfield>
  </datafield>
  <datafield tag="880" ind1="1" ind2="0">
    <subfield code="6">245-00/r</subfield>
    <subfield code="a">אספת חכמים :</subfield>
    <subfield code="b">כתב העת הסוציאליסטי השני בעברית.</subfield>
  </datafield>
  <datafield tag="880" ind1=" " ind2=" ">
    <subfield code="6">260-00/r</subfield>
    <subfield code="a">ירושלים :</subfield>
    <subfield code="b">יוצא לאור בשיתוף עם המפעל לחקר תנועת הפועלים היהודית,</subfield>
    <subfield code="c">635 [1974 או 1975]</subfield>
  </datafield>
  <datafield tag="880" ind1="1" ind2=" ">
    <subfield code="6">490-00/r</subfield>
    <subfield code="a">קונטרסים לתלמידים, מקורות ומחקרים, סדרה 2 ;</subfield>
    <subfield code="v">5</subfield>
  </datafield>
  <datafield tag="880" ind1=" " ind2="0">
    <subfield code="6">830-00/r</subfield>
    <subfield code="a">קונטרסים לתלמידים, מקורות ומחקרים.</subfield>
    <subfield code="n">סדרה 2 ;</subfield>
    <subfield code="v">5.</subfield>
  </datafield>
  <datafield tag="948" ind1=" " ind2=" ">
    <subfield code="a">Kirtas</subfield>
    <subfield code="p">32882017396428</subfield>
  </datafield>
  <datafield tag="996" ind1=" " ind2=" ">
    <subfield code="a">Add copy, elec ver ; 2012-06-20</subfield>
  </datafield>
  <datafield tag="998" ind1=" " ind2=" ">
    <subfield code="c">dSpace AWK url added ; gwjshieh 2012-06-20</subfield>
  </datafield>
  <datafield tag="998" ind1=" " ind2=" ">
    <subfield code="c">Kirtas ; gwjshieh 2010-08-26</subfield>
  </datafield>
  <datafield tag="994" ind1=" " ind2=" ">
    <subfield code="a">C0</subfield>
    <subfield code="b">DGW</subfield>
  </datafield>
</record>