<record xmlns="http://www.loc.gov/MARC21/slim">
  <leader>01683cam a2200373I  4500</leader>
  <controlfield tag="001">7420616</controlfield>
  <controlfield tag="005">20121003163643.0</controlfield>
  <controlfield tag="008">750808s1899    enkabcd       000 0 eng c</controlfield>
  <datafield tag="010" ind1=" " ind2=" ">
    <subfield code="a">   01042652 </subfield>
  </datafield>
  <datafield tag="035" ind1=" " ind2=" ">
    <subfield code="a">(OCoLC)ocm01527207</subfield>
  </datafield>
  <datafield tag="035" ind1=" " ind2=" ">
    <subfield code="a">7420616</subfield>
  </datafield>
  <datafield tag="040" ind1=" " ind2=" ">
    <subfield code="a">JPL</subfield>
    <subfield code="c">JPL</subfield>
    <subfield code="d">OCLCQ</subfield>
  </datafield>
  <datafield tag="035" ind1=" " ind2=" ">
    <subfield code="a">(OCoLC)1527207</subfield>
  </datafield>
  <datafield tag="043" ind1=" " ind2=" ">
    <subfield code="a">f-mr---</subfield>
  </datafield>
  <datafield tag="050" ind1="0" ind2=" ">
    <subfield code="a">DT314</subfield>
    <subfield code="b">.M48</subfield>
  </datafield>
  <datafield tag="090" ind1=" " ind2=" ">
    <subfield code="a">DT314</subfield>
    <subfield code="b">.M482</subfield>
  </datafield>
  <datafield tag="092" ind1=" " ind2=" ">
    <subfield code="a">964</subfield>
    <subfield code="b">M46</subfield>
  </datafield>
  <datafield tag="049" ind1=" " ind2=" ">
    <subfield code="a">DGWW</subfield>
  </datafield>
  <datafield tag="100" ind1="1" ind2=" ">
    <subfield code="a">Budgett, James Edward,</subfield>
    <subfield code="c">Meakin, Budgett,</subfield>
    <subfield code="d">1866.</subfield>
  </datafield>
  <datafield tag="245" ind1="1" ind2="4">
    <subfield code="a">The Moorish empire,</subfield>
    <subfield code="b">a historical epitome,</subfield>
    <subfield code="c">by Budgett Meadin ...</subfield>
  </datafield>
  <datafield tag="260" ind1=" " ind2=" ">
    <subfield code="a">London,</subfield>
    <subfield code="b">S. Sonnenschein &amp; Co., lim.; New York, the Macmillan Co..</subfield>
    <subfield code="c">1899.</subfield>
  </datafield>
  <datafield tag="300" ind1=" " ind2=" ">
    <subfield code="a">3 p. l., [xi]-xxiii, 576 p.</subfield>
    <subfield code="b">illus., plates, ports., maps [partly fold.] facsims., fold. chart.</subfield>
    <subfield code="c">23 cm.</subfield>
  </datafield>
  <datafield tag="500" ind1=" " ind2=" ">
    <subfield code="a">This book is from the rare book collection originally held in the George Camp Keiser Library of the Middle East Institute (MEI), Washington DC. This collection, acquired in 2008 by the Gelman Library of The George Washington University, now forms part of the Special Collections Research Center.</subfield>
  </datafield>
  <datafield tag="530" ind1=" " ind2=" ">
    <subfield code="a">Also available online via GWU Cultural Imaginings Digitization Project (funded by the Institute for Museum and Library Services (IMLS))</subfield>
  </datafield>
  <datafield tag="500" ind1=" " ind2=" ">
    <subfield code="a">"Works on Morocco reviewed": p. 449-518.</subfield>
  </datafield>
  <datafield tag="500" ind1=" " ind2=" ">
    <subfield code="a">"Morocco in fiction": p. 519-532.</subfield>
  </datafield>
  <datafield tag="500" ind1=" " ind2=" ">
    <subfield code="a">"Works on Morocco": p. 539-541.</subfield>
  </datafield>
  <datafield tag="500" ind1=" " ind2=" ">
    <subfield code="a">"Classical authorities": p. 543-560.</subfield>
  </datafield>
  <datafield tag="651" ind1=" " ind2="0">
    <subfield code="a">Morocco</subfield>
    <subfield code="x">History.</subfield>
  </datafield>
  <datafield tag="994" ind1=" " ind2=" ">
    <subfield code="a">92</subfield>
    <subfield code="b">DGW</subfield>
  </datafield>
  <datafield tag="948" ind1=" " ind2=" ">
    <subfield code="a">Kirtas</subfield>
    <subfield code="p">32882019066755</subfield>
  </datafield>
  <datafield tag="998" ind1=" " ind2=" ">
    <subfield code="c">Kirtas ; gwjshieh 2010-03-17</subfield>
  </datafield>
  <datafield tag="996" ind1=" " ind2=" ">
    <subfield code="a">Add copy, elec ver ; 2012-06-20</subfield>
  </datafield>
  <datafield tag="998" ind1=" " ind2=" ">
    <subfield code="c">dSpace AWK url added ; gwjshieh 2012-06-20</subfield>
  </datafield>
</record>