<record xmlns="http://www.loc.gov/MARC21/slim">
  <leader>02230cam a2200445La 4500</leader>
  <controlfield tag="001">7615287</controlfield>
  <controlfield tag="005">20121003164258.0</controlfield>
  <controlfield tag="008">020501s1880    ua            000 0 ara d</controlfield>
  <datafield tag="035" ind1=" " ind2=" ">
    <subfield code="a">(OCoLC)ocn122873565</subfield>
  </datafield>
  <datafield tag="035" ind1=" " ind2=" ">
    <subfield code="a">7615287</subfield>
  </datafield>
  <datafield tag="040" ind1=" " ind2=" ">
    <subfield code="a">StEdU</subfield>
    <subfield code="c">EUX</subfield>
    <subfield code="d">OCLCG</subfield>
    <subfield code="d">DGW</subfield>
  </datafield>
  <datafield tag="035" ind1=" " ind2=" ">
    <subfield code="a">(OCoLC)122873565</subfield>
  </datafield>
  <datafield tag="090" ind1=" " ind2=" ">
    <subfield code="a">DC225</subfield>
    <subfield code="b">.J34</subfield>
  </datafield>
  <datafield tag="049" ind1=" " ind2=" ">
    <subfield code="a">DGWW</subfield>
  </datafield>
  <datafield tag="100" ind1="1" ind2=" ">
    <subfield code="6">880-01</subfield>
    <subfield code="a">Jabartī, ʻAbd al-Raḥmān,</subfield>
    <subfield code="d">1754-1822.</subfield>
  </datafield>
  <datafield tag="240" ind1="1" ind2="0">
    <subfield code="6">880-02</subfield>
    <subfield code="a">ʻAjā&amp;#x02bc;ib al-āthār fī al-tarājim wa-al-akhbār</subfield>
  </datafield>
  <datafield tag="245" ind1="1" ind2="0">
    <subfield code="6">880-03</subfield>
    <subfield code="a">al-Ta&amp;#x02bc;rīkh al-musammá ʻAjā&amp;#x02bc;ib al-āthār fī al-tarājim wa-al-akhbār /</subfield>
    <subfield code="c">li-ʻAbd al-Raḥmān al-Jabartī al-Ḥanafī.</subfield>
  </datafield>
  <datafield tag="246" ind1="3" ind2=" ">
    <subfield code="6">880-04</subfield>
    <subfield code="a">ʻAjā&amp;#x02bc;ib al-āthār fī al-tarājim wa-al-akhbār</subfield>
  </datafield>
  <datafield tag="260" ind1=" " ind2=" ">
    <subfield code="6">880-05</subfield>
    <subfield code="a">[Miṣr? :</subfield>
    <subfield code="b">s.n.,</subfield>
    <subfield code="c">1880?]</subfield>
  </datafield>
  <datafield tag="300" ind1=" " ind2=" ">
    <subfield code="a">4 v. ;</subfield>
    <subfield code="c">28 cm.</subfield>
  </datafield>
  <datafield tag="500" ind1=" " ind2=" ">
    <subfield code="a">This book is from the rare book collection originally held in the George Camp Keiser Library of the Middle East Institute (MEI), Washington DC. This collection, acquired in 2008 by the Gelman Library of The George Washington University, now forms part of the Special Collections Research Center.</subfield>
  </datafield>
  <datafield tag="530" ind1=" " ind2=" ">
    <subfield code="a">Also available online via GWU Cultural Imaginings Digitization Project (funded by the Institute for Museum and Library Services (IMLS))</subfield>
  </datafield>
  <datafield tag="651" ind1=" " ind2="0">
    <subfield code="a">Egypt</subfield>
    <subfield code="x">History</subfield>
    <subfield code="y">1517-1882.</subfield>
  </datafield>
  <datafield tag="651" ind1=" " ind2="0">
    <subfield code="a">Egypt</subfield>
    <subfield code="x">History</subfield>
    <subfield code="y">French occupation, 1798-1801.</subfield>
  </datafield>
  <datafield tag="651" ind1=" " ind2="0">
    <subfield code="a">Egypt</subfield>
    <subfield code="x">History</subfield>
    <subfield code="y">1517-1882</subfield>
    <subfield code="x">Biography.</subfield>
  </datafield>
  <datafield tag="651" ind1=" " ind2="0">
    <subfield code="a">Egypt</subfield>
    <subfield code="x">Biography.</subfield>
  </datafield>
  <datafield tag="880" ind1="1" ind2=" ">
    <subfield code="6">100-01/r</subfield>
    <subfield code="a">جبرتي، عبد الرحمن.</subfield>
  </datafield>
  <datafield tag="880" ind1="1" ind2="0">
    <subfield code="6">240-02/r</subfield>
    <subfield code="a">عجائب الآثار في التراجم والأخبار</subfield>
  </datafield>
  <datafield tag="880" ind1="1" ind2="0">
    <subfield code="6">245-03/r</subfield>
    <subfield code="a">[الجزء الاول -الرابع ] من التاريخ المسمى عجائب الآثار في التراجم والأخبار /</subfield>
    <subfield code="c">لعبد الرحمن الجبرتي الحنفي.</subfield>
  </datafield>
  <datafield tag="880" ind1="3" ind2=" ">
    <subfield code="6">246-04/r</subfield>
    <subfield code="a">عجائب الآثار في التراجم والأخبار</subfield>
  </datafield>
  <datafield tag="880" ind1=" " ind2=" ">
    <subfield code="6">260-05/r</subfield>
    <subfield code="a">[مصر؟ ؛s.n.،</subfield>
    <subfield code="c">188?]</subfield>
  </datafield>
  <datafield tag="994" ind1=" " ind2=" ">
    <subfield code="a">C0</subfield>
    <subfield code="b">DGW</subfield>
  </datafield>
  <datafield tag="998" ind1=" " ind2=" ">
    <subfield code="c">CCE1 ; gwpankin 2009-04-03</subfield>
  </datafield>
  <datafield tag="948" ind1=" " ind2=" ">
    <subfield code="a">Kirtas</subfield>
    <subfield code="p">32882019395253</subfield>
    <subfield code="t">v.4</subfield>
  </datafield>
  <datafield tag="948" ind1=" " ind2=" ">
    <subfield code="a">Kirtas</subfield>
    <subfield code="p">32882019395287</subfield>
    <subfield code="t">v.1</subfield>
  </datafield>
  <datafield tag="948" ind1=" " ind2=" ">
    <subfield code="a">Kirtas</subfield>
    <subfield code="p">32882019395279</subfield>
    <subfield code="t">v.2</subfield>
  </datafield>
  <datafield tag="948" ind1=" " ind2=" ">
    <subfield code="a">Kirtas</subfield>
    <subfield code="p">32882019395261</subfield>
    <subfield code="t">v.3</subfield>
  </datafield>
  <datafield tag="998" ind1=" " ind2=" ">
    <subfield code="c">Kirtas ; gwjshieh 2010-03-17</subfield>
  </datafield>
  <datafield tag="996" ind1=" " ind2=" ">
    <subfield code="a">Add copy, elec ver ; 2012-06-20</subfield>
  </datafield>
  <datafield tag="998" ind1=" " ind2=" ">
    <subfield code="c">dSpace AWK url added ; gwjshieh 2012-06-20</subfield>
  </datafield>
</record>