<record xmlns="http://www.loc.gov/MARC21/slim">
  <leader>01157cam a2200325 a 4500</leader>
  <controlfield tag="001">9378931</controlfield>
  <controlfield tag="005">20121003163643.0</controlfield>
  <controlfield tag="008">111121s192u    fr a          000 0 fre d</controlfield>
  <datafield tag="035" ind1=" " ind2=" ">
    <subfield code="a">(OCoLC)ocn761693783</subfield>
  </datafield>
  <datafield tag="035" ind1=" " ind2=" ">
    <subfield code="a">9378931</subfield>
  </datafield>
  <datafield tag="040" ind1=" " ind2=" ">
    <subfield code="a">DGW</subfield>
    <subfield code="b">eng</subfield>
    <subfield code="c">DGW</subfield>
  </datafield>
  <datafield tag="035" ind1=" " ind2=" ">
    <subfield code="a">(OCoLC)761693783</subfield>
  </datafield>
  <datafield tag="041" ind1="0" ind2=" ">
    <subfield code="a">fre</subfield>
  </datafield>
  <datafield tag="049" ind1=" " ind2=" ">
    <subfield code="a">DGWW</subfield>
  </datafield>
  <datafield tag="090" ind1=" " ind2=" ">
    <subfield code="a">DT299.C6</subfield>
    <subfield code="b">C66</subfield>
  </datafield>
  <datafield tag="245" ind1="0" ind2="0">
    <subfield code="a">Constantine.</subfield>
  </datafield>
  <datafield tag="260" ind1=" " ind2=" ">
    <subfield code="a">[Constantine] :</subfield>
    <subfield code="b">Grands Magasins du Globe ;</subfield>
    <subfield code="a">Paris :</subfield>
    <subfield code="b">Lévy et Neurdein,</subfield>
    <subfield code="c">[192-?]</subfield>
  </datafield>
  <datafield tag="300" ind1=" " ind2=" ">
    <subfield code="a">[16] plates :</subfield>
    <subfield code="b">all ill. ;</subfield>
    <subfield code="c">23 x 30 cm.</subfield>
  </datafield>
  <datafield tag="500" ind1=" " ind2=" ">
    <subfield code="a">This copy is part of: Andrew Oliver Book Collection for Classical and Near Eastern Studies.</subfield>
  </datafield>
  <datafield tag="651" ind1=" " ind2="0">
    <subfield code="a">Constantine (Algeria)</subfield>
    <subfield code="v">Pictorial works.</subfield>
  </datafield>
  <datafield tag="651" ind1=" " ind2="0">
    <subfield code="a">Constantine (Algeria)</subfield>
    <subfield code="x">Description and travel.</subfield>
  </datafield>
  <datafield tag="700" ind1="1" ind2=" ">
    <subfield code="a">Oliver, Andrew,</subfield>
    <subfield code="d">1936-</subfield>
    <subfield code="e">donor.</subfield>
  </datafield>
  <datafield tag="710" ind1="2" ind2=" ">
    <subfield code="a">Oliver Book Collection for Classical and Near Eastern Studies.</subfield>
  </datafield>
  <datafield tag="948" ind1=" " ind2=" ">
    <subfield code="a">Kirtas</subfield>
    <subfield code="p">32882020297779</subfield>
  </datafield>
  <datafield tag="994" ind1=" " ind2=" ">
    <subfield code="a">C0</subfield>
    <subfield code="b">DGW</subfield>
  </datafield>
  <datafield tag="996" ind1=" " ind2=" ">
    <subfield code="a">New title added 2011-11-21</subfield>
  </datafield>
  <datafield tag="998" ind1=" " ind2=" ">
    <subfield code="c">ORIG ; gwberrett 2011-11-21</subfield>
  </datafield>
  <datafield tag="998" ind1=" " ind2=" ">
    <subfield code="c">Kirtas ; gwmark 2012-03-30</subfield>
  </datafield>
  <datafield tag="996" ind1=" " ind2=" ">
    <subfield code="a">Add copy, elec ver ; 2012-06-20</subfield>
  </datafield>
  <datafield tag="998" ind1=" " ind2=" ">
    <subfield code="c">dSpace AWK url added ; gwjshieh 2012-06-20</subfield>
  </datafield>
</record>