<record xmlns="http://www.loc.gov/MARC21/slim">
  <leader>02508cam a2200565 a 4500</leader>
  <controlfield tag="001">12010060</controlfield>
  <controlfield tag="005">20121002130326.0</controlfield>
  <controlfield tag="008">110809m20099999ko a          001 0 kor  </controlfield>
  <datafield tag="010" ind1=" " ind2=" ">
    <subfield code="a">  2011458032</subfield>
  </datafield>
  <datafield tag="035" ind1=" " ind2=" ">
    <subfield code="a">(OCoLC)ocn677066511</subfield>
  </datafield>
  <datafield tag="040" ind1=" " ind2=" ">
    <subfield code="a">DLC</subfield>
    <subfield code="b">eng</subfield>
    <subfield code="c">DLC</subfield>
    <subfield code="d">HMY</subfield>
    <subfield code="d">CLU</subfield>
    <subfield code="d">HUH</subfield>
    <subfield code="d">CSL</subfield>
    <subfield code="d">NDD</subfield>
    <subfield code="d">DGW</subfield>
  </datafield>
  <datafield tag="066" ind1=" " ind2=" ">
    <subfield code="c">$1</subfield>
  </datafield>
  <datafield tag="020" ind1=" " ind2=" ">
    <subfield code="a">9788982364747 (set)</subfield>
  </datafield>
  <datafield tag="020" ind1=" " ind2=" ">
    <subfield code="a">8982364749 (set)</subfield>
  </datafield>
  <datafield tag="020" ind1=" " ind2=" ">
    <subfield code="a">9788982364754 (v. 1)</subfield>
  </datafield>
  <datafield tag="020" ind1=" " ind2=" ">
    <subfield code="a">8982364757 (v. 1)</subfield>
  </datafield>
  <datafield tag="029" ind1="1" ind2=" ">
    <subfield code="a">NZ1</subfield>
    <subfield code="b">13753721</subfield>
  </datafield>
  <datafield tag="035" ind1=" " ind2=" ">
    <subfield code="a">(OCoLC)677066511</subfield>
  </datafield>
  <datafield tag="042" ind1=" " ind2=" ">
    <subfield code="a">pcc</subfield>
  </datafield>
  <datafield tag="043" ind1=" " ind2=" ">
    <subfield code="a">a-ko---</subfield>
  </datafield>
  <datafield tag="050" ind1="0" ind2="0">
    <subfield code="a">HC467.756</subfield>
    <subfield code="b">.H254 2009</subfield>
  </datafield>
  <datafield tag="049" ind1=" " ind2=" ">
    <subfield code="a">DGWW</subfield>
  </datafield>
  <datafield tag="245" ind1="0" ind2="0">
    <subfield code="6">880-01</subfield>
    <subfield code="a">Han'guk kyŏngje chŏngch'aek charyo.</subfield>
  </datafield>
  <datafield tag="246" ind1="1" ind2=" ">
    <subfield code="6">880-02</subfield>
    <subfield code="i">Colophon title:</subfield>
    <subfield code="a">Sillok Taehan Min'guksa charyojip</subfield>
  </datafield>
  <datafield tag="260" ind1=" " ind2=" ">
    <subfield code="6">880-03</subfield>
    <subfield code="a">Kyŏnggi-do Kwach'ŏn-si :</subfield>
    <subfield code="b">Kuksa P'yŏnch'an Wiwŏnhoe,</subfield>
    <subfield code="c">2009-&lt;2011&gt;</subfield>
  </datafield>
  <datafield tag="300" ind1=" " ind2=" ">
    <subfield code="a">v. &lt;1-4&gt; :</subfield>
    <subfield code="b">ill. ;</subfield>
    <subfield code="c">27 cm.</subfield>
  </datafield>
  <datafield tag="490" ind1="1" ind2=" ">
    <subfield code="6">880-04</subfield>
    <subfield code="a">Sillok Taehan Min'guksa charyojip</subfield>
  </datafield>
  <datafield tag="500" ind1=" " ind2=" ">
    <subfield code="6">880-05</subfield>
    <subfield code="a">"Palgan tŭngnok pŏnho : 11-1341106-000004-14" --Cover.</subfield>
  </datafield>
  <datafield tag="500" ind1=" " ind2=" ">
    <subfield code="a">Includes indexes.</subfield>
  </datafield>
  <datafield tag="505" ind1="1" ind2=" ">
    <subfield code="a">1. 1948. 8 -- 1949. 12 -- 2. 1950. 1 -- 1950. 6 -- 3. 1950. 6 -- 1951. 4 -- 4. 1951.5-1951.9</subfield>
  </datafield>
  <datafield tag="504" ind1=" " ind2=" ">
    <subfield code="a">Includes bibliographical references and index.</subfield>
  </datafield>
  <datafield tag="651" ind1=" " ind2="0">
    <subfield code="a">Korea (South)</subfield>
    <subfield code="x">Economic policy</subfield>
    <subfield code="v">Sources.</subfield>
  </datafield>
  <datafield tag="651" ind1=" " ind2="0">
    <subfield code="a">Korea (South)</subfield>
    <subfield code="x">Economic conditions</subfield>
    <subfield code="v">Sources.</subfield>
  </datafield>
  <datafield tag="650" ind1=" " ind2="0">
    <subfield code="a">Industrial laws and legislation</subfield>
    <subfield code="z">Korea (South)</subfield>
    <subfield code="v">Sources.</subfield>
  </datafield>
  <datafield tag="650" ind1=" " ind2="0">
    <subfield code="a">Trade regulation</subfield>
    <subfield code="z">Korea (South)</subfield>
    <subfield code="v">Sources.</subfield>
  </datafield>
  <datafield tag="650" ind1=" " ind2="0">
    <subfield code="a">Banks and banking</subfield>
    <subfield code="z">Korea (South)</subfield>
    <subfield code="v">Sources.</subfield>
  </datafield>
  <datafield tag="650" ind1=" " ind2="0">
    <subfield code="a">Antitrust law</subfield>
    <subfield code="z">Korea (South)</subfield>
    <subfield code="v">Sources.</subfield>
  </datafield>
  <datafield tag="650" ind1=" " ind2="0">
    <subfield code="a">Commercial law</subfield>
    <subfield code="z">Korea (South)</subfield>
    <subfield code="v">Sources.</subfield>
  </datafield>
  <datafield tag="710" ind1="1" ind2=" ">
    <subfield code="6">880-06</subfield>
    <subfield code="a">Korea (South).</subfield>
    <subfield code="b">Kuksa P'yŏnch'an Wiwŏnhoe.</subfield>
  </datafield>
  <datafield tag="830" ind1=" " ind2="0">
    <subfield code="6">880-07</subfield>
    <subfield code="a">Sillok Taehan Min'guksa charyojip.</subfield>
  </datafield>
  <datafield tag="880" ind1="0" ind2="0">
    <subfield code="6">245-01/$1</subfield>
    <subfield code="a">한국 경제 정책 자료.</subfield>
  </datafield>
  <datafield tag="880" ind1="1" ind2=" ">
    <subfield code="6">246-02/$1</subfield>
    <subfield code="i">Colophon title:</subfield>
    <subfield code="a">실록 대한 민국사 자료집</subfield>
  </datafield>
  <datafield tag="880" ind1=" " ind2=" ">
    <subfield code="6">260-03/$1</subfield>
    <subfield code="a">경기도 과천시 :</subfield>
    <subfield code="b">국사 편찬 위원회,</subfield>
    <subfield code="c">2009-&lt;2011&gt;</subfield>
  </datafield>
  <datafield tag="880" ind1="1" ind2=" ">
    <subfield code="6">490-04/$1</subfield>
    <subfield code="a">실록 대한 민국사 자료집</subfield>
  </datafield>
  <datafield tag="880" ind1=" " ind2=" ">
    <subfield code="6">500-05/$1</subfield>
    <subfield code="a">"발간 등록 번호: 11-1341106-000004-14"--Cover.</subfield>
  </datafield>
  <datafield tag="880" ind1="1" ind2=" ">
    <subfield code="6">710-06/$1</subfield>
    <subfield code="a">Korea (South).</subfield>
    <subfield code="b">국사 편찬 위원회.</subfield>
  </datafield>
  <datafield tag="880" ind1=" " ind2="0">
    <subfield code="6">830-07/$1</subfield>
    <subfield code="a">실록 대한 민국사 자료집.</subfield>
  </datafield>
  <datafield tag="994" ind1=" " ind2=" ">
    <subfield code="a">C0</subfield>
    <subfield code="b">DGW</subfield>
  </datafield>
  <datafield tag="996" ind1=" " ind2=" ">
    <subfield code="a">New title added 2012-09-28</subfield>
  </datafield>
  <datafield tag="998" ind1=" " ind2=" ">
    <subfield code="c">CC  gwSTUDENT 2012-09-28</subfield>
  </datafield>
</record>