<record xmlns="http://www.loc.gov/MARC21/slim">
  <leader>01474cam a2200313Ia 4500</leader>
  <controlfield tag="001">11887260</controlfield>
  <controlfield tag="005">20120925125605.0</controlfield>
  <controlfield tag="008">101103s2009    ko            001 0 kor d</controlfield>
  <datafield tag="035" ind1=" " ind2=" ">
    <subfield code="a">(OCoLC)ocn677156958</subfield>
  </datafield>
  <datafield tag="040" ind1=" " ind2=" ">
    <subfield code="a">CSL</subfield>
    <subfield code="c">CSL</subfield>
    <subfield code="d">ZCU</subfield>
    <subfield code="d">CSL</subfield>
    <subfield code="d">OCLCO</subfield>
    <subfield code="d">DGW</subfield>
  </datafield>
  <datafield tag="066" ind1=" " ind2=" ">
    <subfield code="c">$1</subfield>
  </datafield>
  <datafield tag="035" ind1=" " ind2=" ">
    <subfield code="a">(OCoLC)677156958</subfield>
  </datafield>
  <datafield tag="043" ind1=" " ind2=" ">
    <subfield code="a">a-ko---</subfield>
  </datafield>
  <datafield tag="050" ind1=" " ind2="4">
    <subfield code="a">DS922.445</subfield>
    <subfield code="b">.A152 2009</subfield>
  </datafield>
  <datafield tag="049" ind1=" " ind2=" ">
    <subfield code="a">DGWW</subfield>
  </datafield>
  <datafield tag="245" ind1="0" ind2="0">
    <subfield code="6">880-01</subfield>
    <subfield code="a">5.18 Kwangju minjuhwa undong charyo ch'ongsŏ (che 1&amp;#xfffd;50 kwŏn) saegin mongnokchip.</subfield>
  </datafield>
  <datafield tag="260" ind1=" " ind2=" ">
    <subfield code="6">880-02</subfield>
    <subfield code="a">[Kwangju-si] :</subfield>
    <subfield code="b">Kwangju Kwangyŏksi 5.18 Saryo P'yŏnch'an Wiwŏnhoe,</subfield>
    <subfield code="c">2009.</subfield>
  </datafield>
  <datafield tag="300" ind1=" " ind2=" ">
    <subfield code="a">v. ;</subfield>
    <subfield code="c">26 cm.</subfield>
  </datafield>
  <datafield tag="500" ind1=" " ind2=" ">
    <subfield code="a">"'Palgan tŭngnok pŏnho 55-6290000-000254-01"--Cover.</subfield>
  </datafield>
  <datafield tag="650" ind1=" " ind2="0">
    <subfield code="a">Kwangju Uprising, Kwangju-si, Korea, 1980</subfield>
    <subfield code="v">Sources</subfield>
    <subfield code="v">Indexes.</subfield>
  </datafield>
  <datafield tag="651" ind1=" " ind2="0">
    <subfield code="6">880-03</subfield>
    <subfield code="a">Kwangju-si (Korea)</subfield>
    <subfield code="x">History</subfield>
    <subfield code="v">Sources</subfield>
    <subfield code="v">Indexes.</subfield>
  </datafield>
  <datafield tag="710" ind1="2" ind2=" ">
    <subfield code="6">880-04</subfield>
    <subfield code="a">Kwangju Kwangyŏksi 5.18 Saryo Pʻyŏnchʻan Wiwŏnhoe.</subfield>
  </datafield>
  <datafield tag="880" ind1="0" ind2="0">
    <subfield code="6">245-01/$1</subfield>
    <subfield code="a">5.18 광주 민주화 운동 자료 총서 (제 1&amp;#xfffd;50권) 색인 목록집.</subfield>
  </datafield>
  <datafield tag="880" ind1=" " ind2=" ">
    <subfield code="6">260-02/$1</subfield>
    <subfield code="a">[광주시] :</subfield>
    <subfield code="b">광주 광역시 5.18 사료 편찬 위원회,</subfield>
    <subfield code="c">2009.</subfield>
  </datafield>
  <datafield tag="880" ind1=" " ind2="4">
    <subfield code="6">651-03/$1</subfield>
    <subfield code="a">광주시 (Korea)</subfield>
    <subfield code="x">History</subfield>
    <subfield code="v">Sources</subfield>
    <subfield code="v">Indexes.</subfield>
  </datafield>
  <datafield tag="880" ind1="2" ind2=" ">
    <subfield code="6">710-04/$1</subfield>
    <subfield code="a">광주 광역시 5.18 사료 편찬 위원회.</subfield>
  </datafield>
  <datafield tag="994" ind1=" " ind2=" ">
    <subfield code="a">C0</subfield>
    <subfield code="b">DGW</subfield>
  </datafield>
  <datafield tag="996" ind1=" " ind2=" ">
    <subfield code="a">New title added 2012-09-25</subfield>
  </datafield>
  <datafield tag="998" ind1=" " ind2=" ">
    <subfield code="c">CC  gwSTUDENT 2012-09-25</subfield>
  </datafield>
</record>