<record xmlns="http://www.loc.gov/MARC21/slim">
  <leader>03123cam a2200481 a 4500</leader>
  <controlfield tag="001">11537042</controlfield>
  <controlfield tag="005">20120928152758.0</controlfield>
  <controlfield tag="008">110901s2012    nyua     b    001 0 eng  </controlfield>
  <datafield tag="010" ind1=" " ind2=" ">
    <subfield code="a">  2011036153</subfield>
  </datafield>
  <datafield tag="035" ind1=" " ind2=" ">
    <subfield code="a">(OCoLC)ocn706022739</subfield>
  </datafield>
  <datafield tag="040" ind1=" " ind2=" ">
    <subfield code="a">DLC</subfield>
    <subfield code="b">eng</subfield>
    <subfield code="c">DLC</subfield>
    <subfield code="d">YDX</subfield>
    <subfield code="d">BTCTA</subfield>
    <subfield code="d">IAD</subfield>
    <subfield code="d">YDXCP</subfield>
    <subfield code="d">ZLM</subfield>
    <subfield code="d">BWX</subfield>
    <subfield code="d">DGW</subfield>
  </datafield>
  <datafield tag="020" ind1=" " ind2=" ">
    <subfield code="a">9780415891134 (hardback)</subfield>
  </datafield>
  <datafield tag="020" ind1=" " ind2=" ">
    <subfield code="a">0415891132 (hardback)</subfield>
  </datafield>
  <datafield tag="020" ind1=" " ind2=" ">
    <subfield code="a">9780415891141 (paperback)</subfield>
  </datafield>
  <datafield tag="020" ind1=" " ind2=" ">
    <subfield code="a">0415891140 (paperback)</subfield>
  </datafield>
  <datafield tag="020" ind1=" " ind2=" ">
    <subfield code="a">9780203828434 (e-book)</subfield>
  </datafield>
  <datafield tag="020" ind1=" " ind2=" ">
    <subfield code="a">0203828437 (e-book)</subfield>
  </datafield>
  <datafield tag="024" ind1="8" ind2=" ">
    <subfield code="a">99948516920</subfield>
  </datafield>
  <datafield tag="035" ind1=" " ind2=" ">
    <subfield code="a">(OCoLC)706022739</subfield>
  </datafield>
  <datafield tag="042" ind1=" " ind2=" ">
    <subfield code="a">pcc</subfield>
  </datafield>
  <datafield tag="043" ind1=" " ind2=" ">
    <subfield code="a">n-us---</subfield>
  </datafield>
  <datafield tag="050" ind1="0" ind2="0">
    <subfield code="a">LB2331.72</subfield>
    <subfield code="b">.E54 2012</subfield>
  </datafield>
  <datafield tag="082" ind1="0" ind2="0">
    <subfield code="a">378.1/2</subfield>
    <subfield code="2">23</subfield>
  </datafield>
  <datafield tag="084" ind1=" " ind2=" ">
    <subfield code="a">EDU000000</subfield>
    <subfield code="a">EDU015000</subfield>
    <subfield code="2">bisacsh</subfield>
  </datafield>
  <datafield tag="049" ind1=" " ind2=" ">
    <subfield code="a">DGWW</subfield>
  </datafield>
  <datafield tag="245" ind1="0" ind2="0">
    <subfield code="a">Embracing non-tenure track faculty :</subfield>
    <subfield code="b">changing campuses for the new faculty majority /</subfield>
    <subfield code="c">edited by Adrianna Kezar.</subfield>
  </datafield>
  <datafield tag="260" ind1=" " ind2=" ">
    <subfield code="a">New York :</subfield>
    <subfield code="b">Routledge,</subfield>
    <subfield code="c">c2012.</subfield>
  </datafield>
  <datafield tag="300" ind1=" " ind2=" ">
    <subfield code="a">xxiv, 232 p. :</subfield>
    <subfield code="b">ill. ;</subfield>
    <subfield code="c">24 cm.</subfield>
  </datafield>
  <datafield tag="520" ind1=" " ind2=" ">
    <subfield code="a">"The nature of the higher education faculty workforce has radically and fundamentally changed from primarily full-time, tenured or tenure-track faculty to contingent faculty. Regardless of full or part-time appointments, contingent faculty share a common status: short-term contracts, lack of job security, lack of a professional career track, and limited support on campus. We know little about efforts to support contingent faculty beyond broad, relatively uninformative survey data. While a few sources have developed recommendations for supporting contingent faculty, no resources have documented the real changes occurring on campuses and the challenges that occur while implementing new policies and practices. Improving Contingent Faculty Relations presents real cases where these new policies and practices have been implemented, unveiling the mechanisms that are required to create change, the challenges and opportunities that implementers face, and how effective methodology depends upon particular campus contexts. Readers will learn the various pathways to new policies and practices and can align their strategies with proven approaches. Contingent faculty contributors document from first-hand experience the change process on their campuses. Kezar supplements these case studies by distilling trends and patterns from a national study of campuses that have successfully implemented policies to improve conditions for nontenure track faculty. This book is essential reading for both contingent faculty and higher education administrators"--Provided by publisher.</subfield>
  </datafield>
  <datafield tag="504" ind1=" " ind2=" ">
    <subfield code="a">Includes bibliographical references and index.</subfield>
  </datafield>
  <datafield tag="650" ind1=" " ind2="0">
    <subfield code="a">College teachers, Part-time</subfield>
    <subfield code="z">United States.</subfield>
  </datafield>
  <datafield tag="650" ind1=" " ind2="0">
    <subfield code="a">College teachers</subfield>
    <subfield code="x">Tenure</subfield>
    <subfield code="z">United States.</subfield>
  </datafield>
  <datafield tag="650" ind1=" " ind2="0">
    <subfield code="a">Universities and colleges</subfield>
    <subfield code="z">United States</subfield>
    <subfield code="x">Faculty.</subfield>
  </datafield>
  <datafield tag="650" ind1=" " ind2="0">
    <subfield code="a">College teaching</subfield>
    <subfield code="z">United States.</subfield>
  </datafield>
  <datafield tag="700" ind1="1" ind2=" ">
    <subfield code="a">Kezar, Adrianna J.</subfield>
  </datafield>
  <datafield tag="852" ind1=" " ind2=" ">
    <subfield code="b">gwg w</subfield>
  </datafield>
  <datafield tag="949" ind1=" " ind2=" ">
    <subfield code="b">32882020430164</subfield>
  </datafield>
  <datafield tag="981" ind1=" " ind2=" ">
    <subfield code="a">Firm</subfield>
    <subfield code="b">EDLD206</subfield>
  </datafield>
  <datafield tag="980" ind1=" " ind2=" ">
    <subfield code="b">38.97</subfield>
    <subfield code="g">1</subfield>
  </datafield>
  <datafield tag="961" ind1=" " ind2=" ">
    <subfield code="a">New title added</subfield>
  </datafield>
  <datafield tag="994" ind1=" " ind2=" ">
    <subfield code="a">92</subfield>
    <subfield code="b">DGW</subfield>
  </datafield>
  <datafield tag="996" ind1=" " ind2=" ">
    <subfield code="a">Added copy 2012-09-27</subfield>
  </datafield>
  <datafield tag="998" ind1=" " ind2=" ">
    <subfield code="c">gwSTUDENT 2012-09-27</subfield>
  </datafield>
</record>