<record xmlns="http://www.loc.gov/MARC21/slim">
  <leader>03748cam a2200445 a 4500</leader>
  <controlfield tag="001">8709157</controlfield>
  <controlfield tag="005">20120911155320.0</controlfield>
  <controlfield tag="008">110412s2010    enka     b    001 0 eng c</controlfield>
  <datafield tag="010" ind1=" " ind2=" ">
    <subfield code="a">  2010284227</subfield>
  </datafield>
  <datafield tag="035" ind1=" " ind2=" ">
    <subfield code="a">(OCoLC)ocn154706793</subfield>
  </datafield>
  <datafield tag="040" ind1=" " ind2=" ">
    <subfield code="a">UKM</subfield>
    <subfield code="b">eng</subfield>
    <subfield code="c">UKM</subfield>
    <subfield code="d">DLC</subfield>
    <subfield code="d">BTCTA</subfield>
    <subfield code="d">YDXCP</subfield>
    <subfield code="d">BAKER</subfield>
    <subfield code="d">VUE</subfield>
    <subfield code="d">C#P</subfield>
    <subfield code="d">FXR</subfield>
    <subfield code="d">BWX</subfield>
    <subfield code="d">CDX</subfield>
    <subfield code="d">RCJ</subfield>
    <subfield code="d">MNY</subfield>
    <subfield code="d">FDA</subfield>
    <subfield code="d">ALAUL</subfield>
    <subfield code="d">DGW</subfield>
  </datafield>
  <datafield tag="015" ind1=" " ind2=" ">
    <subfield code="a">GBA789033</subfield>
    <subfield code="2">bnb</subfield>
  </datafield>
  <datafield tag="016" ind1="7" ind2=" ">
    <subfield code="a">014236055</subfield>
    <subfield code="2">Uk</subfield>
  </datafield>
  <datafield tag="019" ind1=" " ind2=" ">
    <subfield code="a">154707520</subfield>
    <subfield code="a">680431127</subfield>
  </datafield>
  <datafield tag="020" ind1=" " ind2=" ">
    <subfield code="a">9781844671731 (hbk.)</subfield>
  </datafield>
  <datafield tag="020" ind1=" " ind2=" ">
    <subfield code="a">1844671739 (hbk.)</subfield>
  </datafield>
  <datafield tag="020" ind1=" " ind2=" ">
    <subfield code="a">9781844671748 (pbk.)</subfield>
  </datafield>
  <datafield tag="020" ind1=" " ind2=" ">
    <subfield code="a">1844671747 (pbk.)</subfield>
  </datafield>
  <datafield tag="035" ind1=" " ind2=" ">
    <subfield code="a">(OCoLC)154706793</subfield>
    <subfield code="z">(OCoLC)154707520</subfield>
    <subfield code="z">(OCoLC)680431127</subfield>
  </datafield>
  <datafield tag="042" ind1=" " ind2=" ">
    <subfield code="a">lccopycat</subfield>
  </datafield>
  <datafield tag="043" ind1=" " ind2=" ">
    <subfield code="a">n-us---</subfield>
  </datafield>
  <datafield tag="050" ind1="0" ind2="0">
    <subfield code="a">HD5324</subfield>
    <subfield code="b">.R43 2010</subfield>
  </datafield>
  <datafield tag="082" ind1="0" ind2="4">
    <subfield code="a">331.89097309047</subfield>
    <subfield code="2">22</subfield>
  </datafield>
  <datafield tag="049" ind1=" " ind2=" ">
    <subfield code="a">DGWW</subfield>
  </datafield>
  <datafield tag="245" ind1="0" ind2="0">
    <subfield code="a">Rebel rank and file :</subfield>
    <subfield code="b">labor militancy and revolt from below in the long 1970s /</subfield>
    <subfield code="c">edited by Aaron Brenner, Robert Brenner, and Cal Winslow.</subfield>
  </datafield>
  <datafield tag="246" ind1="1" ind2=" ">
    <subfield code="i">Title from cover:</subfield>
    <subfield code="a">Rebel rank and file :</subfield>
    <subfield code="b">labor militancy and revolt from below during the long 1970s</subfield>
  </datafield>
  <datafield tag="260" ind1=" " ind2=" ">
    <subfield code="a">London ;</subfield>
    <subfield code="a">New York :</subfield>
    <subfield code="b">Verso,</subfield>
    <subfield code="c">2010.</subfield>
  </datafield>
  <datafield tag="300" ind1=" " ind2=" ">
    <subfield code="a">xxii, 408 p. :</subfield>
    <subfield code="b">ill. ;</subfield>
    <subfield code="c">24 cm.</subfield>
  </datafield>
  <datafield tag="504" ind1=" " ind2=" ">
    <subfield code="a">Includes bibliographical references and index.</subfield>
  </datafield>
  <datafield tag="505" ind1="0" ind2="0">
    <subfield code="t">Overview :</subfield>
    <subfield code="t">the rebellion from below, 1965-81 /</subfield>
    <subfield code="r">Cal Winslow --</subfield>
    <subfield code="t">The political economy of the rank-and-file rebellion /</subfield>
    <subfield code="r">Robert Brenner --</subfield>
    <subfield code="t">Conflict, change, and economic policy in the long 1970s /</subfield>
    <subfield code="r">Judy Stein --</subfield>
    <subfield code="t">Understanding the rank-and-file rebellion in the long 1970s /</subfield>
    <subfield code="r">Kim Moody --</subfield>
    <subfield code="t">The United Farm Workers from the ground up /</subfield>
    <subfield code="r">Frank Bardacke --</subfield>
    <subfield code="t">Rank-and-file movements in the United Mine Workers of America, early 1960s - early 1980s /</subfield>
    <subfield code="r">Paul J. Nyden --</subfield>
    <subfield code="t">The tumultuous Teamsters of the 1970s /</subfield>
    <subfield code="r">Dan La Botz --</subfield>
    <subfield code="t">Militancy in many forms :</subfield>
    <subfield code="t">teachers strikes and urban insurrection, 1967-74 /</subfield>
    <subfield code="r">Marjorie Murphy --</subfield>
    <subfield code="t">Rank-and-file struggles at the telephone company /</subfield>
    <subfield code="r">Aaron Brenner --</subfield>
    <subfield code="t">Rank-and-file opposition in the UAW during the long 1970s /</subfield>
    <subfield code="r">A.C. Jones --</subfield>
    <subfield code="t">American Petrograd :</subfield>
    <subfield code="t">Detroit and the League of Revolutionary Black Workers /</subfield>
    <subfield code="r">Kieran Taylor --</subfield>
    <subfield code="t">"A spontaneous loss of enthusiasm" :</subfield>
    <subfield code="t">workplace feminism and the transformation of women's service jobs in the 1970s /</subfield>
    <subfield code="r">Dorothy Sue Cobble --</subfield>
    <subfield code="t">The enduring legacy and contemporary relevance of labor insurgency in the 1970s /</subfield>
    <subfield code="r">Steve Early.</subfield>
  </datafield>
  <datafield tag="520" ind1=" " ind2=" ">
    <subfield code="a">Often considered irredeemably conservative, the US working class actually has a rich history of revolt. Rebel Rank and File uncovers the hidden story of insurgency from below against employers and union bureaucrats in the late 1960s and 1970s. From the mid-1960s to 1981, rank-and-file workers in the United States engaged in a level of sustained militancy not seen since the Great Depression and World War II. Millions participated in one of the largest strike waves in US history. There were 5,716 stoppages in 1970 alone, involving more than 3 million workers. Contract rejections, collective insubordination, sabotage, organized slowdowns, and wildcat strikes were the order of the day. Workers targeted much of their activity at union leaders, forming caucuses to fight for more democratic and combative unions that would forcefully resist the mounting offensive from employers that appeared at the end of the postwar economic boom. It was a remarkable era in the history of US class struggle, one rich in lessons for today's labor movement. -- Publisher description.</subfield>
  </datafield>
  <datafield tag="650" ind1=" " ind2="0">
    <subfield code="a">Labor disputes</subfield>
    <subfield code="z">United States.</subfield>
  </datafield>
  <datafield tag="650" ind1=" " ind2="0">
    <subfield code="a">Direct action</subfield>
    <subfield code="z">United States.</subfield>
  </datafield>
  <datafield tag="650" ind1=" " ind2="0">
    <subfield code="a">Labor unions</subfield>
    <subfield code="z">United States.</subfield>
  </datafield>
  <datafield tag="700" ind1="1" ind2=" ">
    <subfield code="a">Brenner, Aaron.</subfield>
  </datafield>
  <datafield tag="700" ind1="1" ind2=" ">
    <subfield code="a">Brenner, Robert,</subfield>
    <subfield code="d">1943-</subfield>
  </datafield>
  <datafield tag="700" ind1="1" ind2=" ">
    <subfield code="a">Winslow, Calvin.</subfield>
  </datafield>
  <datafield tag="994" ind1=" " ind2=" ">
    <subfield code="a">C0</subfield>
    <subfield code="b">DGW</subfield>
  </datafield>
  <datafield tag="996" ind1=" " ind2=" ">
    <subfield code="a">New title added 2012-09-11</subfield>
  </datafield>
  <datafield tag="998" ind1=" " ind2=" ">
    <subfield code="c">CC  gwsfwatson 2012-09-11</subfield>
  </datafield>
</record>