<record xmlns="http://www.loc.gov/MARC21/slim">
  <leader>02451cam a2200541 a 4500</leader>
  <controlfield tag="001">11512224</controlfield>
  <controlfield tag="005">20120426180327.0</controlfield>
  <controlfield tag="008">120412s2012    caua     b    001 0 eng  </controlfield>
  <datafield tag="010" ind1=" " ind2=" ">
    <subfield code="a">  2011019493</subfield>
  </datafield>
  <datafield tag="035" ind1=" " ind2=" ">
    <subfield code="a">(OCoLC)ocn693809392</subfield>
  </datafield>
  <datafield tag="040" ind1=" " ind2=" ">
    <subfield code="a">DNLM/DLC</subfield>
    <subfield code="c">DLC</subfield>
    <subfield code="d">YDX</subfield>
    <subfield code="d">NLM</subfield>
    <subfield code="d">BTCTA</subfield>
    <subfield code="d">YDXCP</subfield>
    <subfield code="d">UKMGB</subfield>
    <subfield code="d">CDX</subfield>
    <subfield code="d">BDX</subfield>
    <subfield code="d">IAD</subfield>
    <subfield code="d">DGW</subfield>
  </datafield>
  <datafield tag="016" ind1="7" ind2=" ">
    <subfield code="a">101560161</subfield>
    <subfield code="2">DNLM</subfield>
  </datafield>
  <datafield tag="016" ind1="7" ind2=" ">
    <subfield code="a">015879640</subfield>
    <subfield code="2">Uk</subfield>
  </datafield>
  <datafield tag="020" ind1=" " ind2=" ">
    <subfield code="a">9781608710263 (alk. paper)</subfield>
  </datafield>
  <datafield tag="020" ind1=" " ind2=" ">
    <subfield code="a">1608710262 (alk. paper)</subfield>
  </datafield>
  <datafield tag="024" ind1="8" ind2=" ">
    <subfield code="a">99948069855</subfield>
  </datafield>
  <datafield tag="029" ind1="1" ind2=" ">
    <subfield code="a">NLM</subfield>
    <subfield code="b">101560161</subfield>
  </datafield>
  <datafield tag="035" ind1=" " ind2=" ">
    <subfield code="a">(OCoLC)693809392</subfield>
  </datafield>
  <datafield tag="042" ind1=" " ind2=" ">
    <subfield code="a">pcc</subfield>
  </datafield>
  <datafield tag="043" ind1=" " ind2=" ">
    <subfield code="a">n-us---</subfield>
  </datafield>
  <datafield tag="050" ind1="0" ind2="0">
    <subfield code="a">RA395.A3</subfield>
    <subfield code="b">H555 2012</subfield>
  </datafield>
  <datafield tag="060" ind1="0" ind2="0">
    <subfield code="a">2012 A-038</subfield>
  </datafield>
  <datafield tag="060" ind1="1" ind2="0">
    <subfield code="a">WA 11 AA1</subfield>
  </datafield>
  <datafield tag="082" ind1="0" ind2="0">
    <subfield code="a">362.10973</subfield>
    <subfield code="2">23</subfield>
  </datafield>
  <datafield tag="049" ind1=" " ind2=" ">
    <subfield code="a">DGWW</subfield>
  </datafield>
  <datafield tag="100" ind1="1" ind2=" ">
    <subfield code="a">Hillstrom, Kevin,</subfield>
    <subfield code="d">1963-</subfield>
  </datafield>
  <datafield tag="245" ind1="1" ind2="0">
    <subfield code="a">U.S. health policy and politics :</subfield>
    <subfield code="b">a documentary history /</subfield>
    <subfield code="c">Kevin Hillstrom.</subfield>
  </datafield>
  <datafield tag="260" ind1=" " ind2=" ">
    <subfield code="a">Thousand Oaks, Calif. :</subfield>
    <subfield code="b">CQ Press,</subfield>
    <subfield code="c">c2012.</subfield>
  </datafield>
  <datafield tag="300" ind1=" " ind2=" ">
    <subfield code="a">xxiii, 717 p. :</subfield>
    <subfield code="b">ill. ;</subfield>
    <subfield code="c">27 cm.</subfield>
  </datafield>
  <datafield tag="504" ind1=" " ind2=" ">
    <subfield code="a">Includes bibliographical references and index.</subfield>
  </datafield>
  <datafield tag="505" ind1="0" ind2=" ">
    <subfield code="a">Health care and medical practice in the new world (1600-1800) -- Health care and regulation in antebellum America (1800-1860) -- The professionalization of American medicine (1860-1890) -- Health care in the progressive era (1890-1920) -- The struggle over health insurance between the wars (1920-1940) -- Partisan jousting over health care in the postwar era (1940-1960) -- Medicare changes the health care landscape (1960-1980) -- Restraining health care costs in the age of Reagan (1980-1990) -- The Clinton health plan and scorched-earth politics (1990-2000) -- Controversial policy prescriptions for American health care (2000-2010).</subfield>
  </datafield>
  <datafield tag="650" ind1=" " ind2="0">
    <subfield code="a">Medical policy</subfield>
    <subfield code="z">United States</subfield>
    <subfield code="x">History.</subfield>
  </datafield>
  <datafield tag="650" ind1=" " ind2="0">
    <subfield code="a">Medical laws and legislation</subfield>
    <subfield code="z">United States</subfield>
    <subfield code="x">History.</subfield>
  </datafield>
  <datafield tag="650" ind1="1" ind2="2">
    <subfield code="a">Health Policy</subfield>
    <subfield code="x">history</subfield>
    <subfield code="z">United States.</subfield>
  </datafield>
  <datafield tag="650" ind1="2" ind2="2">
    <subfield code="a">Delivery of Health Care</subfield>
    <subfield code="x">history</subfield>
    <subfield code="z">United States.</subfield>
  </datafield>
  <datafield tag="650" ind1="2" ind2="2">
    <subfield code="a">Health Policy</subfield>
    <subfield code="x">legislation &amp; jurisprudence</subfield>
    <subfield code="z">United States.</subfield>
  </datafield>
  <datafield tag="650" ind1="2" ind2="2">
    <subfield code="a">History, Modern 1601-</subfield>
    <subfield code="z">United States.</subfield>
  </datafield>
  <datafield tag="650" ind1="2" ind2="2">
    <subfield code="a">Politics</subfield>
    <subfield code="z">United States.</subfield>
  </datafield>
  <datafield tag="852" ind1=" " ind2=" ">
    <subfield code="b">gwg w</subfield>
  </datafield>
  <datafield tag="938" ind1=" " ind2=" ">
    <subfield code="a">Baker and Taylor</subfield>
    <subfield code="b">BTCP</subfield>
    <subfield code="n">BK0009464447</subfield>
  </datafield>
  <datafield tag="938" ind1=" " ind2=" ">
    <subfield code="a">YBP Library Services</subfield>
    <subfield code="b">YANK</subfield>
    <subfield code="n">3646490</subfield>
  </datafield>
  <datafield tag="938" ind1=" " ind2=" ">
    <subfield code="a">Coutts Information Services</subfield>
    <subfield code="b">COUT</subfield>
    <subfield code="n">17048405</subfield>
  </datafield>
  <datafield tag="938" ind1=" " ind2=" ">
    <subfield code="a">Brodart</subfield>
    <subfield code="b">BROD</subfield>
    <subfield code="n">13728458</subfield>
    <subfield code="c">$185.00</subfield>
  </datafield>
  <datafield tag="949" ind1=" " ind2=" ">
    <subfield code="b">32882020546860</subfield>
  </datafield>
  <datafield tag="981" ind1=" " ind2=" ">
    <subfield code="a">Firm</subfield>
    <subfield code="b">PSCIMAIN</subfield>
  </datafield>
  <datafield tag="980" ind1=" " ind2=" ">
    <subfield code="b">153.55</subfield>
    <subfield code="g">1</subfield>
  </datafield>
  <datafield tag="961" ind1=" " ind2=" ">
    <subfield code="a">New title added</subfield>
  </datafield>
  <datafield tag="994" ind1=" " ind2=" ">
    <subfield code="a">92</subfield>
    <subfield code="b">DGW</subfield>
  </datafield>
</record>