<record xmlns="http://www.loc.gov/MARC21/slim">
  <leader>01550cam a2200373Ia 4500</leader>
  <controlfield tag="001">8801261</controlfield>
  <controlfield tag="005">20120928145047.0</controlfield>
  <controlfield tag="006">m    f   d        </controlfield>
  <controlfield tag="007">cr mn mmmmuuuu</controlfield>
  <controlfield tag="008">100325s2010    ne a    ob    001 0 eng d</controlfield>
  <datafield tag="035" ind1=" " ind2=" ">
    <subfield code="a">(OCoLC)ocn676698431</subfield>
  </datafield>
  <datafield tag="040" ind1=" " ind2=" ">
    <subfield code="a">GW5XE</subfield>
    <subfield code="b">eng</subfield>
    <subfield code="c">GW5XE</subfield>
    <subfield code="d">OUN</subfield>
    <subfield code="d">EBLCP</subfield>
    <subfield code="d">CEF</subfield>
    <subfield code="d">HNK</subfield>
    <subfield code="d">OCLCQ</subfield>
    <subfield code="d">YDXCP</subfield>
    <subfield code="d">DGW</subfield>
  </datafield>
  <datafield tag="020" ind1=" " ind2=" ">
    <subfield code="a">9048191300 (ebk.)</subfield>
  </datafield>
  <datafield tag="020" ind1=" " ind2=" ">
    <subfield code="a">9789048191307 (ebk.)</subfield>
  </datafield>
  <datafield tag="035" ind1=" " ind2=" ">
    <subfield code="a">(OCLC)sprLink 676698431</subfield>
  </datafield>
  <datafield tag="037" ind1=" " ind2=" ">
    <subfield code="a">978-90-481-9129-1</subfield>
    <subfield code="b">Springer</subfield>
    <subfield code="n">http://www.springerlink.com</subfield>
  </datafield>
  <datafield tag="050" ind1=" " ind2="4">
    <subfield code="a">QL121</subfield>
    <subfield code="b">.E37 2010</subfield>
  </datafield>
  <datafield tag="090" ind1=" " ind2=" ">
    <subfield code="a">QL121</subfield>
    <subfield code="b">(INTERNET)</subfield>
  </datafield>
  <datafield tag="082" ind1="0" ind2="4">
    <subfield code="a">592/.177</subfield>
    <subfield code="2">22</subfield>
  </datafield>
  <datafield tag="049" ind1=" " ind2=" ">
    <subfield code="a">DGWW</subfield>
  </datafield>
  <datafield tag="100" ind1="1" ind2=" ">
    <subfield code="a">Ehrlich, Hermann.</subfield>
  </datafield>
  <datafield tag="245" ind1="1" ind2="0">
    <subfield code="a">Biological materials of marine origin</subfield>
    <subfield code="h">[electronic resource] :</subfield>
    <subfield code="b">invertebrates /</subfield>
    <subfield code="c">Hermann Ehrlich.</subfield>
  </datafield>
  <datafield tag="260" ind1=" " ind2=" ">
    <subfield code="a">Dordrecht :</subfield>
    <subfield code="b">Springer,</subfield>
    <subfield code="c">c2010.</subfield>
  </datafield>
  <datafield tag="300" ind1=" " ind2=" ">
    <subfield code="a">xxiii, 569 p.:</subfield>
    <subfield code="b">ill. (some col.)</subfield>
  </datafield>
  <datafield tag="490" ind1="0" ind2=" ">
    <subfield code="a">Biomedical and life sciences</subfield>
  </datafield>
  <datafield tag="490" ind1="1" ind2=" ">
    <subfield code="a">Biologically-inspired systems ;</subfield>
    <subfield code="v">vol. 1</subfield>
  </datafield>
  <datafield tag="500" ind1=" " ind2=" ">
    <subfield code="a">Includes index.</subfield>
  </datafield>
  <datafield tag="533" ind1=" " ind2=" ">
    <subfield code="a">Electronic reproduction.</subfield>
    <subfield code="b">New York :</subfield>
    <subfield code="c">Springer,</subfield>
    <subfield code="d">2007.</subfield>
    <subfield code="n">Mode of access: Internet.</subfield>
    <subfield code="n">Title and description based on screen as of 2011-04-15.</subfield>
    <subfield code="n">Access restricted ; authentication may be required.</subfield>
  </datafield>
  <datafield tag="588" ind1=" " ind2=" ">
    <subfield code="a">Description based on print version record.</subfield>
  </datafield>
  <datafield tag="650" ind1=" " ind2="0">
    <subfield code="a">Marine invertebrates.</subfield>
  </datafield>
  <datafield tag="650" ind1=" " ind2="0">
    <subfield code="a">Biomineralization.</subfield>
  </datafield>
  <datafield tag="650" ind1=" " ind2="0">
    <subfield code="a">Marine biology.</subfield>
  </datafield>
  <datafield tag="776" ind1="0" ind2="8">
    <subfield code="i">Print version:</subfield>
    <subfield code="a">Ehrlich, Hermann.</subfield>
    <subfield code="t">Biological materials of marine origin.</subfield>
    <subfield code="d">Dordrecht : Springer, 2010</subfield>
    <subfield code="z">9789048191291</subfield>
    <subfield code="w">(OCoLC)648933004</subfield>
  </datafield>
  <datafield tag="830" ind1=" " ind2="0">
    <subfield code="a">Biologically-inspired systems ;</subfield>
    <subfield code="v">1.</subfield>
  </datafield>
</record>