<record xmlns="http://www.loc.gov/MARC21/slim">
  <leader>02182cam a2200385 a 4500</leader>
  <controlfield tag="001">11865787</controlfield>
  <controlfield tag="005">20120917135734.0</controlfield>
  <controlfield tag="008">120905s2012    alua     b   s001 0 eng  </controlfield>
  <datafield tag="010" ind1=" " ind2=" ">
    <subfield code="a">  2011050368</subfield>
  </datafield>
  <datafield tag="035" ind1=" " ind2=" ">
    <subfield code="a">(OCoLC)ocn768607312</subfield>
  </datafield>
  <datafield tag="040" ind1=" " ind2=" ">
    <subfield code="a">DLC</subfield>
    <subfield code="b">eng</subfield>
    <subfield code="c">DLC</subfield>
    <subfield code="d">BTCTA</subfield>
    <subfield code="d">YDXCP</subfield>
    <subfield code="d">BDX</subfield>
    <subfield code="d">UKMGB</subfield>
    <subfield code="d">BWX</subfield>
    <subfield code="d">OCLCO</subfield>
    <subfield code="d">IG#</subfield>
    <subfield code="d">DGW</subfield>
  </datafield>
  <datafield tag="016" ind1="7" ind2=" ">
    <subfield code="a">016123181</subfield>
    <subfield code="2">Uk</subfield>
  </datafield>
  <datafield tag="020" ind1=" " ind2=" ">
    <subfield code="a">9780817317645 (trade cloth : alk. paper)</subfield>
  </datafield>
  <datafield tag="020" ind1=" " ind2=" ">
    <subfield code="a">0817317643 (trade cloth : alk. paper)</subfield>
  </datafield>
  <datafield tag="020" ind1=" " ind2=" ">
    <subfield code="a">9780817386115 (electronic)</subfield>
  </datafield>
  <datafield tag="020" ind1=" " ind2=" ">
    <subfield code="a">0817386114 (electronic)</subfield>
  </datafield>
  <datafield tag="035" ind1=" " ind2=" ">
    <subfield code="a">(OCoLC)768607312</subfield>
  </datafield>
  <datafield tag="042" ind1=" " ind2=" ">
    <subfield code="a">pcc</subfield>
  </datafield>
  <datafield tag="043" ind1=" " ind2=" ">
    <subfield code="a">a-ko---</subfield>
    <subfield code="a">n-us---</subfield>
  </datafield>
  <datafield tag="050" ind1="0" ind2="0">
    <subfield code="a">DS919</subfield>
    <subfield code="b">.G53 2012</subfield>
  </datafield>
  <datafield tag="082" ind1="0" ind2="0">
    <subfield code="a">951.904/24</subfield>
    <subfield code="2">23</subfield>
  </datafield>
  <datafield tag="049" ind1=" " ind2=" ">
    <subfield code="a">DGWW</subfield>
  </datafield>
  <datafield tag="100" ind1="1" ind2=" ">
    <subfield code="a">Gibby, Bryan R.</subfield>
  </datafield>
  <datafield tag="245" ind1="1" ind2="4">
    <subfield code="a">The will to win :</subfield>
    <subfield code="b">American military advisors in Korea, 1946-1953 /</subfield>
    <subfield code="c">Bryan R. Gibby.</subfield>
  </datafield>
  <datafield tag="260" ind1=" " ind2=" ">
    <subfield code="a">Tuscaloosa :</subfield>
    <subfield code="b">University of Alabama Press,</subfield>
    <subfield code="c">c2012.</subfield>
  </datafield>
  <datafield tag="300" ind1=" " ind2=" ">
    <subfield code="a">xvi, 372 p. :</subfield>
    <subfield code="b">ill. ;</subfield>
    <subfield code="c">24 cm.</subfield>
  </datafield>
  <datafield tag="504" ind1=" " ind2=" ">
    <subfield code="a">Includes bibliographical references (p. [289]-361) and index.</subfield>
  </datafield>
  <datafield tag="505" ind1="0" ind2=" ">
    <subfield code="a">The American occupation, September 1945-December 1946 -- The war of subversion, 1947-1948 -- The limited war, 1949-1950 -- The evolving structure and functions of the military missions, 1948-1950 -- 6-2-5 : invasion and survival -- The Chinese offensives, 1950-1951 -- Reformation : a new KMAG trains an army, summer 1951-summer 1952 -- Redemption : a new Korean army at war -- The test of battle : the summer offensives, may-july 1953 -- Shrimp among whales : assessing the advisory missions, 1946-1953 -- Appendix A. Korean War chronology -- Appendix B. Lieutenant General John Hodge's statement to the Korean people -- Appendix C. U.S. IX Corps citation, ROK Capital Division, 1953 -- Appendix D. Republic of Korea presidential unit citation, 1952 -- Appendix E. Republic of Korea presidential unit citation, 1953.</subfield>
  </datafield>
  <datafield tag="650" ind1=" " ind2="0">
    <subfield code="a">Korean War, 1950-1953</subfield>
    <subfield code="x">Participation, American.</subfield>
  </datafield>
  <datafield tag="650" ind1=" " ind2="0">
    <subfield code="a">Military assistance, American</subfield>
    <subfield code="z">Korea (South)</subfield>
  </datafield>
  <datafield tag="610" ind1="1" ind2="0">
    <subfield code="a">United States.</subfield>
    <subfield code="b">Military Advisory Group to the Republic of Korea.</subfield>
  </datafield>
  <datafield tag="610" ind1="1" ind2="0">
    <subfield code="a">Korea (South).</subfield>
    <subfield code="b">Yukkun.</subfield>
  </datafield>
  <datafield tag="994" ind1=" " ind2=" ">
    <subfield code="a">C0</subfield>
    <subfield code="b">DGW</subfield>
  </datafield>
  <datafield tag="996" ind1=" " ind2=" ">
    <subfield code="a">New title added 2012-09-17</subfield>
  </datafield>
  <datafield tag="998" ind1=" " ind2=" ">
    <subfield code="c">CCE1  gwSTUDENT 2012-09-17</subfield>
  </datafield>
</record>