<record xmlns="http://www.loc.gov/MARC21/slim">
  <leader>03845cam a2200505Ia 4500</leader>
  <controlfield tag="001">11819683</controlfield>
  <controlfield tag="005">20120906150458.0</controlfield>
  <controlfield tag="008">120716s2012    nyua     b    101 0 eng d</controlfield>
  <datafield tag="010" ind1=" " ind2=" ">
    <subfield code="a">  2012937793</subfield>
  </datafield>
  <datafield tag="035" ind1=" " ind2=" ">
    <subfield code="a">(OCoLC)ocn800418116</subfield>
  </datafield>
  <datafield tag="040" ind1=" " ind2=" ">
    <subfield code="a">CAI</subfield>
    <subfield code="c">CAI</subfield>
    <subfield code="d">BTCTA</subfield>
    <subfield code="d">YDXCP</subfield>
    <subfield code="d">BWX</subfield>
    <subfield code="d">MMU</subfield>
    <subfield code="d">SUC</subfield>
    <subfield code="d">OCLCA</subfield>
    <subfield code="d">DLC</subfield>
    <subfield code="d">DGW</subfield>
  </datafield>
  <datafield tag="019" ind1=" " ind2=" ">
    <subfield code="a">773670631</subfield>
  </datafield>
  <datafield tag="020" ind1=" " ind2=" ">
    <subfield code="a">9781461433804</subfield>
  </datafield>
  <datafield tag="020" ind1=" " ind2=" ">
    <subfield code="a">1461433800</subfield>
  </datafield>
  <datafield tag="020" ind1=" " ind2=" ">
    <subfield code="a">9781461433811 (e-ISBN)</subfield>
  </datafield>
  <datafield tag="020" ind1=" " ind2=" ">
    <subfield code="a">1461433819 (e-ISBN)</subfield>
  </datafield>
  <datafield tag="035" ind1=" " ind2=" ">
    <subfield code="a">(OCoLC)800418116</subfield>
    <subfield code="z">(OCoLC)773670631</subfield>
  </datafield>
  <datafield tag="050" ind1=" " ind2="4">
    <subfield code="a">QH447</subfield>
    <subfield code="b">.I73 2011</subfield>
  </datafield>
  <datafield tag="096" ind1=" " ind2=" ">
    <subfield code="a">QU 75</subfield>
    <subfield code="b">.B615 2012</subfield>
  </datafield>
  <datafield tag="049" ind1=" " ind2=" ">
    <subfield code="a">DGWW</subfield>
  </datafield>
  <datafield tag="111" ind1="2" ind2=" ">
    <subfield code="a">ISCSM (Symposium)</subfield>
    <subfield code="d">(2011 :</subfield>
    <subfield code="c">Trivandrum, India)</subfield>
  </datafield>
  <datafield tag="245" ind1="1" ind2="0">
    <subfield code="a">Biochemical roles of eukaryotic cell surface macromolecules :</subfield>
    <subfield code="b">2011 ISCSM proceedings /</subfield>
    <subfield code="c">Perumana R. Sudhakaran, Avadhesha Surolia, editors.</subfield>
  </datafield>
  <datafield tag="260" ind1=" " ind2=" ">
    <subfield code="a">New York :</subfield>
    <subfield code="b">Springer,</subfield>
    <subfield code="c">c2012.</subfield>
  </datafield>
  <datafield tag="300" ind1=" " ind2=" ">
    <subfield code="a">xvi, 340 p. :</subfield>
    <subfield code="b">ill. (some col.) ;</subfield>
    <subfield code="c">24 cm.</subfield>
  </datafield>
  <datafield tag="490" ind1="1" ind2=" ">
    <subfield code="a">Advances in experimental medicine and biology,</subfield>
    <subfield code="x">0065-2598 ;</subfield>
    <subfield code="v">749</subfield>
  </datafield>
  <datafield tag="500" ind1=" " ind2=" ">
    <subfield code="a">"The International Symposium on the "Biochemical Role of Eukaryotic Cell Surface Macromolecules" held in Trivandrum, India on January 2011"--Pref.</subfield>
  </datafield>
  <datafield tag="504" ind1=" " ind2=" ">
    <subfield code="a">Includes bibliographical references and index.</subfield>
  </datafield>
  <datafield tag="505" ind1="0" ind2=" ">
    <subfield code="a">Glycomics: an overview of the complex glycocode -- Structural glycomic approaches to molecular recognition events on cell surfaces -- ISCSM2011 chondroitin sulfate e-type structure at tumor cell surface is involved in experimental metastasis -- Chondroitin sulfate-specific novel hydrolase in human -- Identification of endothelial cell surface carbohydrate-binding receptors by carbohydrate ligand mimicry peptides -- Lysomal enzyme sorting receptors: where did they first appear in the animal kingdom? -- Endoplasmic reticulum-targeted Bcl-2 inhibitable mitochondrial fragmentation initiates ER stress-induced cell death -- Interactions between caveolin-1 and sphingolipids, and their functional relevance -- Cell membrane repair pathway involves sensing of dynamics of caveolae and caspase-1 -- Angiogenic response of endothelial cells to fibronectin -- Lactosylceramide synthase as a therapeutic target to mitigate multiple human diseases in animal models -- Advanced FRET methodologies: protein-lipid selectivity detection and quantification -- Mechanism of GPCR-directed autoantibodies in diseases -- Role of membrane cholesterol in leishmanial infection -- How intact is the basement membrane? Role of MMPs -- Apoptosis of breast cancer cells: modulation of genes for glyconjugate biosynthesis and targeted drug delivery -- Altered expression of sialidases in human cancer -- Poly-ADP-ribosylation of vascular endothelial growth factor and its implications on angiogenesis -- Sphingolipid-binding domain in the serotonin[1A] receptor -- Withanolide D, carrying the baton of Indian rasayana herb as a lead candidate of antileukemic agent in modern medicine -- Engineered glucose to generate a spectroscopic probe for studying carbohydrate biology -- Changes in sialic acid content of jelly coat in pesticide-exposed frog effs and their influence on fertilization.</subfield>
  </datafield>
  <datafield tag="650" ind1=" " ind2="0">
    <subfield code="a">Eukaryotic cells</subfield>
    <subfield code="v">Congresses.</subfield>
  </datafield>
  <datafield tag="650" ind1=" " ind2="0">
    <subfield code="a">Molecular biology</subfield>
    <subfield code="v">Congresses.</subfield>
  </datafield>
  <datafield tag="650" ind1=" " ind2="0">
    <subfield code="a">Cell receptors</subfield>
    <subfield code="v">Congresses.</subfield>
  </datafield>
  <datafield tag="650" ind1=" " ind2="0">
    <subfield code="a">Cytology</subfield>
    <subfield code="v">Congresses.</subfield>
  </datafield>
  <datafield tag="650" ind1=" " ind2="2">
    <subfield code="a">Eukaroytic Cells</subfield>
    <subfield code="x">metabolism</subfield>
    <subfield code="v">Congresses.</subfield>
  </datafield>
  <datafield tag="650" ind1=" " ind2="2">
    <subfield code="a">Glycomics</subfield>
    <subfield code="v">Congresses.</subfield>
  </datafield>
  <datafield tag="650" ind1=" " ind2="2">
    <subfield code="a">Carbohydrates</subfield>
    <subfield code="x">physiology</subfield>
    <subfield code="v">Congresses.</subfield>
  </datafield>
  <datafield tag="650" ind1=" " ind2="2">
    <subfield code="a">Glycoconjugates</subfield>
    <subfield code="x">metabolism</subfield>
    <subfield code="v">Congresses.</subfield>
  </datafield>
  <datafield tag="650" ind1=" " ind2="2">
    <subfield code="a">Glycosylation</subfield>
    <subfield code="v">Congresses.</subfield>
  </datafield>
  <datafield tag="700" ind1="1" ind2=" ">
    <subfield code="a">Sudhakaran, Perumana R.</subfield>
  </datafield>
  <datafield tag="700" ind1="1" ind2=" ">
    <subfield code="a">Surolia, Avadhesha.</subfield>
  </datafield>
  <datafield tag="830" ind1=" " ind2="0">
    <subfield code="a">Advances in experimental medicine and biology ;</subfield>
    <subfield code="v">v. 749.</subfield>
  </datafield>
  <datafield tag="980" ind1=" " ind2=" ">
    <subfield code="a">2012-07-16</subfield>
    <subfield code="b">189.00</subfield>
    <subfield code="e">156.87</subfield>
    <subfield code="f">960410</subfield>
    <subfield code="g">1</subfield>
  </datafield>
  <datafield tag="981" ind1=" " ind2=" ">
    <subfield code="a">Appv101</subfield>
    <subfield code="b">Bisc</subfield>
  </datafield>
  <datafield tag="994" ind1=" " ind2=" ">
    <subfield code="a">C0</subfield>
    <subfield code="b">DGW</subfield>
  </datafield>
  <datafield tag="996" ind1=" " ind2=" ">
    <subfield code="a">New title added 2012-09-06</subfield>
  </datafield>
  <datafield tag="998" ind1=" " ind2=" ">
    <subfield code="c">CC ; gwmark 2012-09-06</subfield>
  </datafield>
</record></marcxml:collection>